1408 2574
307 88 614 124 rnuosorfflffi
648 89 921 126 Nummus.
1093 80 1186 142 465

32 198 160 258 sunt,
183 198 264 246 nisi
286 196 589 246 exhalationes
617 215 761 263 opacae
784 217 804 244 a
819 200 988 248 lumine
1011 197 1182 266 septen-

33 268 217 318 trionali
242 266 517 324 illuminatae,
544 266 637 328 ejus
652 267 817 330 procul
845 268 982 315 dubio
1008 265 1181 334 speciei,

33 337 90 386 ad
117 352 253 401 quam
274 336 457 382 materia
476 350 612 381 arcus
634 331 844 380 refertur.
880 340 1003 383 Hinc
1020 337 1062 383 &
1085 354 1180 385 non

33 409 204 456 mirum
219 441 229 460 ‚
255 402 378 466 quod
402 418 530 448 arcus
557 398 790 468 dispareat,
813 420 919 450 cum
941 404 1101 452 coelum
1116 423 1181 452 ar·

35 474 140 521 dere
163 470 369 528 videtur3
398 469 552 517 redeat
577 484 742 525 autem,
765 467 843 515 ubi
878 470 1069 520 flammae
1093 470 1181 519 istae

34 539 206 590 fuerint
231 535 326 584 diffi
329 551 455 602 patae‚
466 540 610 584 immo
629 536 756 602 quod
779 554 908 586 arcus
922 543 1109 588 materia
1133 543 1180 591 in

36 605 286 659 nubeculas
321 604 580 666 colligatur.

539 691 580 749 §.
625 704 717 739 221.

52 810 54 813 ·
101 784 299 832 Materia
321 781 615 846 phaenomeni
630 778 685 826 ad
703 795 786 827 nos
799 776 987 826 affertur
998 795 1051 826 ex
1073 778 1182 829 locis

49 847 489 918 septentrionalibus,
511 847 636 912 quod
655 849 702 894 in
725 847 1181 897 Islandia&Norwe·

34 922 107 986 gia-
126 917 246 986 quafi
272 912 563 966 domesticum
587 911 672 963 effe
704 913 887 963 constat.

520 1040 557 1099 §.
586 1052 690 1088 222.

54 1146 67 1183 ζ
92 1130 318 1183 ‘Ceterum
346 1145 454 1180 cum
485 1131 661 1177 aurora*
693 1124 886 1177 borealis
922 1124 1095 1174 lumine
1106 1120 1186 1176 suo

36 1198 198 1264 fulgur
217 1198 467 1258 aemuletur,-
487 1196 674 1246 eandem
721 1195 808 1244 esse
839 1193 1041 1245 fulminis
1055 1211 1185 1259 atque
1240 1210 1242 1219 ¹

38 1269 175 1336 ipsius
208 1273 441 1316 materiam
493 1262 866 1327 robabssiffimum
904 1262 999 1311 est:
1035 1279 1184 1326 neque

40 1342 163 1388 enim
196 1337 414 1398 fingendae
475 1348 558 1384 unt
602 1349 763 1397 praeter
802 1332 1096 1381 neceffitatem
1134 1333 1185 1378 in

40 1403 330 1472 atmosphaera
350 1404 560 1459 materiae,
581 1399 636 1449 de
657 1417 850 1467 quarum
862 1398 1186 1464 existentia-mi·

38 1477 163 1525 nime
193 1471 374 1523 constat.

73 1550 76 1570 ²
534 1539 571 1600 §.
604 1551 701 1602 223.

110 1660 248 1724 Jgnes
249 1657 377 1721 fatui
403 1653 450 1698 in
479 1651 590 1700 locis
621 1648 839 1717 paludofis
859 1651 904 1699 &
927 1650 1187 1700 cccmeteriis

42 1740 307 1794 apparentes
354 1721 397 1768 &
448 1718 916 1767 flammam·'candelae
962 1734 1038 1766 aut
1075 1715 1186 1766 facis

43 1789 237 1843 accensae
280 1784 538 1838 aemulan'tes
562 1826 573 1844 ,
608 1801 712 1834 cum
753 1789 800 1833 in
837 1803 937 1834 aere
973 1784 1185 1834 inferiori

43 1863 136 1911 huc
177 1860 341 1907 illucve
375 1859 623 1917 agitentur,
659 1872 710 1902 ex
744 1853 1030 1903 craffioribus
1054 1854 1183 1902 exha-

45 1929 288 1977 lationibus
316 1929 583 1989 gignuntur,
609 1925 752 1987 iisque
788 1938 961 1970 tanturn
997 1923 1185 1971 lucenti·

45 1997 156 2056 bus,
191 1998 403 2061 quoniam
438 2011 519 2058 per
541 1995 761 2053 integram
782 1990 958 2039 nostem
1006 1990 1187 2049 durant,

49 2080 183 2130 atque
207 2062 457 2120 tenacibus,
479 2060 602 2125 quod
636 2075 763 2108 motu
797 2063 908 2108 aeris
944 2077 1038 2109 non
1072 2056 1185 2107 diffi-

50 2149 217 2199 pentur
255 2128 393 2196 pisces
434 2132 622 2196 pingues
659 2125 830 2192 putridi
865 2128 1058 2176 lucentes
1082 2143 1183 2174 con-

50 2200 252 2257 firmant,
294 2198 589 2246 exhalationes
625 2197 813 2261 pingues
833 2212 885 2244 ex
917 2194 1186 2264 corporibus

116 2266 392 2332 (ThumJnst.
401 2266 511 2316 Phil.
524 2270 637 2326 nat.)
813 2267 858 2313 G
870 2282 900 2331 g
1101 2278 1184 2328 pu·
