1408 2574
214 136 312 190 308
654 123 936 181 Institutione:

216 228 266 276 in
289 222 531 273 moralibus
555 224 839 273 umbratilem
860 223 1078 289 quandam
1101 222 1287 289 speciem
1313 225 1378 277 se-

218 298 409 352 &antur,
431 291 541 341 &in
564 293 716 341 officiis
738 307 840 343 cum
863 293 937 340 fibi
951 331 966 356 ‚
989 309 1087 340 tum
1112 293 1208 342 aliis
1229 293 1375 357 pluri-

217 380 347 412 mum
380 361 545 408 desunt.
615 364 707 408 Tot
738 360 938 423 exempla
970 362 1122 409 nostro
1159 380 1254 409 aevo
1276 362 1374 411 sunt

218 431 365 488 obvia,
390 446 436 476 ut
459 429 700 480 rationibus
724 428 969 479 confirmari
984 446 1076 481 non
1090 430 1275 480 debeant
1297 432 1373 480 ad-

218 516 273 548 eo
292 495 533 554 manifesta.

703 635 752 702 ᾗ·
789 647 907 701 481·
972 632 983 636 ”

296 775 411 825 Fieri
446 772 626 823 subinde
657 770 795 832 solet,
826 786 874 819 ut
894 787 988 821 non
1014 788 1149 821 nemo
1176 773 1368 841 singula-

210 860 316 892 rum
352 842 768 891 circumstantiarum
805 841 942 905 gratia
963 880 980 906 ,
1024 843 1223 890 animum
1249 842 1367 907 abje-

211 911 337 958 stum
369 910 526 975 prodat
555 924 573 964 ε
640 911 716 959 ubi
758 907 930 959 medela
963 927 1014 961 ex
1051 908 1208 961 iisdem
1245 912 1366 960 dete-

207 979 367 1047 genda.
420 1009 423 1013 ·

670 1113 716 1181 §·
755 1106 868 1179 482.

275 1257 690 1319 magnanimitatem
718 1249 863 1300 dixere
898 1263 1061 1298 veteres
1086 1287 1098 1309 ‚
1133 1250 1164 1300 si
1190 1251 1364 1319 appeti-

206 1325 307 1372 ¹tum
330 1325 441 1371 circa
473 1323 671 1370 honores
701 1336 889 1385 magnos
919 1316 1104 1366 naturali
1129 1319 1217 1386 legi
1250 1336 1363 1372 cona

207 1391 417 1440 formiter
442 1397 796 1451 attemperamuS.
873 1387 1110 1436 Enimvero
1133 1406 1235 1439 cum
1259 1410 1360 1446 ma..

206 1458 274 1522 gis
289 1457 490 1505 &minus
509 1475 601 1506 non
618 1458 786 1505 varient
803 1455 994 1519 speciem
1007 1491 1022 1514 ‚
1045 1472 1156 1518 opus
1177 1475 1269 1508 non
1281 1461 1357 1529 est³

205 1543 256 1573 ut
286 1526 554 1588 peculiarem
581 1527 786 1579 virtutem
819 1522 1067 1571 honoribus
1089 1527 1260 1591 magnis
1291 1530 1359 1581 di-¹

205 1611 370 1646 cemus.

664 1712 715 1786 55·
760 1726 872 1785 483·

269 1856 467 1907 Refertur
489 1826 670 1904 iubinde
693 1851 1029 1919 magnanimitas
1054 1851 1107 1903 ad
1130 1850 1215 1904 alia
1233 1869 1350 1922 quob

202 1930 289 1993 que
301 1926 418 1975 bona
429 1939 616 1984 externa,
625 1940 674 1971 ut
683 1918 778 1971 sunt
790 1922 972 1972 fortunae
987 1918 1117 1973 bona.
1187 1925 1348 1975 Enim..

204 2012 313 2043 vero
334 2013 429 2060 quae
448 1993 521 2041 hic
535 1992 728 2051 deceant,
749 2009 800 2040 ex
822 1988 1091 2063 praecedente
1110 1990 1166 2045 de
1185 1993 1345 2050 libeti-

201 2061 324 2113 litate
344 2061 544 2114 destrina
557 2074 781 2128 petuntur.

1223 2372 1341 2416 eu,
1397 2377 1403 2381 ·
