1408 2574
315 90 619 128 rmrossormm
667 77 945 124 martimum
1104 86 1205 141 *421

25 259 40 265 ί
112 240 125 249 .,
540 202 587 259 §.
633 218 730 260 104.

110 274 229 339 Quia
243 282 521 320 cometarum
546 268 691 317 debile
719 271 874 318 lumen
886 272 938 330 (§.
953 283 1048 317 100.
1064 266 1196 331 )‚fieri

41 357 137 389 non
161 338 316 406 potest,
339 353 389 385 ut
413 334 537 387 sensu
570 339 913 403 perceptibilem
935 342 982 385 in
1003 337 1193 402 Tellure

41 407 255 457 effe-stum
276 405 682 454 sortiantur.Multo
708 409 857 455 minus
882 408 1066 454 noxium
1090 421 1194 471 pro·

0 478 1 505 ³
42 476 208 525 ducere
230 473 441 542 poss'unt,
464 491 568 522 cum
580 473 631 523 fit
653 471 802 540 ipsum
821 475 977 525 lumen
988 473 1102 522 Solis
1121 472 1219 524 de·‚

39 544 262 596 bilitatum
281 543 348 608 (§.
361 545 516 607 1000).

514 614 551 672 §.
593 627 680 675 105.

107 679 248 747 Qod
270 697 378 728 vero
390 696 472 728 nec
492 680 599 728 mali
611 699 694 729 nec
713 677 841 729 fausti
862 679 1094 745 quidpiam
1107 693 1192 728 ter-

39 749 195 797 ricolis
238 749 510 812 portendere
545 764 711 813 queant
714 767 834 811 Qex
865 764 995 796 motu
1032 765 1191 797 eorum

37 816 272 864 communi
297 817 415 863 circa
427 816 636 864 tellurem
660 817 901 878 colligitur.
973 813 1191 880 Hocipso

37 885 163 931 enim
183 896 388 930 naturam
422 882 533 944 {igni
564 887 787 943 amittunt,
811 888 914 951 quia
938 881 1028 931 fata
1046 884 1190 930 homi-

35 968 147 1000 num
170 968 265 998 non
296 948 397 998 sunt
411 951 683 1011 universalia,
704 950 777 1002 sed
791 954 1037 1017 unicuique
1070 952 1191 1006 loco,

35 1034 174 1084 quem
191 1017 709 1084 incolunt,particularia0

28 1148 212 1202 -εφεεφι
219 1148 400 1202 wites-
420 1150 605 1228 wate!-
618 1149 800 1233 «eatete-
815 1149 1185 1204 *es-segma&-

474 1273 555 1319 CA
563 1271 611 1316 P.
682 1272 732 1316 V.
1109 1275 1123 1278 ’”

29 1331 153 1404 DE
233 1334 766 1411 SYSTEMATE
847 1336 1187 1412 MUNDI..

530 1518 540 1527 .
576 1483 678 1529 106.
805 1500 809 1502 ’

27 1546 288 1661 Keplerus
308 1550 354 1595 in
367 1479 632 1614 Paraliffpom.
647 1547 702 1596 ad
716 1545 1008 1598 Vitellionem
1024 1568 1070 1615 p.
1081 1565 1173 1613 305.-

163 1630 290 1662 autor
303 1614 378 1674 est,
389 1621 474 1663 An.
499 1620 614 1680 1563.
649 1619 890 1664 Saturnum
905 1617 1177 1666 occultatum

26 1678 157 1729 fuiffe
178 1699 204 1728 a
230 1684 366 1746 Jove,
386 1689 471 1730 An.
494 1692 612 1745 1591.
635 1685 706 1731 die
728 1700 771 1742 9.
791 1687 886 1748 Jan.
955 1689 1116 1749 jovem
1152 1702 1176 1731 a

25 1747 180 1797 Marte
202 1754 293 1799 An.
314 1765 434 1810 1590.
470 1750 542 1797 die
567 1764 602 1810 3.
628 1749 788 1798 Ostob.
820 1756 1019 1799 Martem
1045 1771 1067 1799 a
1089 1756 1177 1800 Ve-

23 1832 133 1864 nere
166 1854 178 1875 ,
209 1818 301 1866 An.
322 1833 438 1877 1599.
461 1817 531 1865 die
552 1825 590 1874 8.
613 1821 710 1885 jan.
731 1835 755 1864 a
775 1822 1006 1868 Mercurio
1040 1818 1173 1868 fuifl'e

28 1882 209 1932 tefftum.
278 1885 366 1933 Illo
409 1888 546 1946 igitur
579 1888 822 1934 minimum
867 1902 1071 1951 tempore
1101 1890 1174 1935 Sa-

29 1966 191 2000 turnus
212 1954 447 2001 remotiori
480 1953 717 2001 intervallo
751 1970 774 1999 a
797 1954 984 2004 Tellure
1005 1955 1172 2015 distitit‚

25 2037 161 2083 quam
186 2023 390 2087 Jupiter,
408 2023 586 2086 Jupiter
606 2023 839 2069 remotiori
875 2039 1010 2086 quam
1030 2025 1170 2082 Mars,

25 2088 72 2135 &
96 2089 220 2153 Mars
254 2091 489 2145 remotiori
523 2106 658 2153 quam
693 2093 847 2138 Venus
879 2104 1010 2156 atque
1043 2095 1170 2140 Mer·-

23 2157 194 2203 euriuS.
261 2158 410 2204 Immo
440 2174 542 2205 cum
567 2159 782 2224 proprius
809 2173 959 2207 motus
992 2161 1169 2207 Saturni
1227 2198 1233 2204 ,

22 2220 76 2271 fit
97 2238 172 2290 30,
194 2224 318 2289 Jovis
339 2240 411 2286 12,
439 2228 600 2276 Martis
620 2241 647 2271 2
674 2244 896 2278 annorum
933 2227 978 2278 ὅ(
1012 2231 1170 2277 Venus

541 2290 628 2343 Dd
661 2308 687 2360 3
1110 2309 1170 2342 at-
