1408 2574
375 109 650 187 Pbilb'sbpbiae
671 123 862 177 moralis.
1119 141 1146 173 2
1155 128 1183 173 6
1195 142 1214 177 1

45 226 234 279 losum·
221 261 235 287 ,
295 223 377 274 ille
399 224 455 273 ab
477 223 685 276 ebrietate
705 223 941 289 abstinere,
963 219 1013 271 ὅ(
1033 222 1220 274 societa-

45 312 138 345 tem
170 293 320 362 fugere
356 293 520 354 debet,
558 292 632 345 ubi
663 293 711 343 in
742 312 844 344 eam
867 292 997 343 facile
1024 294 1216 382 incidere

44 366 173 435 poffit
191 364 271 435 (§.
289 362 446 430 280).

114 556 236 610 Idem
257 557 499 610 tenendum
515 488 572 604 eii
595 498 727 621 5138?
729 555 806 622 qui
830 557 977 620 pravis
998 557 1213 622 cupidita·

45 626 164 686 tibus
197 628 401 675 animum
422 625 668 674 obnoxium
692 624 854 684 habet,
887 645 991 692 quas
1017 644 1109 676 non
1132 628 1208 676 nisi

42 695 225 743 rationis
258 694 334 743 usu
364 689 433 742 &
448 696 720 747 occasionem
746 695 932 748 vitando
967 696 1210 760 reprimere

0 839 2 843 ‚
44 762 163 815 valet
185 761 267 833 (ᾗ.
270 773 386 822 280.
389 774 430 832 ).

506 885 558 958 ᾗ.
604 897 717 954 283.

142 967 361 1027 Similiter
393 972 648 1027 ebrietatem
684 973 858 1039 fngiat,
892 974 963 1021 cui
993 972 1205 1026 inimicus

42 1044 176 1098 fuerit
195 1043 396 1109 praesens,
414 1060 470 1091 ne
482 1043 555 1091 vel
571 1042 719 1091 verbis
731 1059 833 1090 enm
846 1039 1014 1089 lacessat
1035 1043 1203 1111 ebrius,

41 1115 146 1163 vel
132 1131 196 1162 ira
225 1111 501 1163 exardescens
524 1110 733 1162 vindistae
765 1110 880 1159 laxet
902 1108 1095 1159 habenas
1129 1113 1204 1181 (§.

43 1200 157 1242 200
146 1175 216 1233 ὃ(
234 1180 558 1253 132.P[ych),

501 1304 552 1372 §.
622 1319 738 1370 284·

104 1399 168 1449 Ex
199 1393 354 1446 eadem
384 1387 554 1441 ratione
584 1388 660 1455 (ᾗ.
677 1395 812 1455 280)
842 1406 996 1456 patet,
1029 1411 1107 1442 eur
1140 1394 1199 1445 ab

39 1463 249 1515 ebrietate
273 1461 352 1513 sibi
372 1473 618 1520 temperare
642 1457 836 1521 debeat,
868 1462 924 1510 ad
946 1462 1051 1511 vitia
1077 1482 1201 1530 quae·-

39 1534 144 1582 dam
179 1547 329 1590 natura
361 1527 435 1580 vel
465 1525 779 1580 consuetudine
810 1528 926 1579 olim
974 1534 1198 1583 contrasta

37 1601 267 1674 procliviS‚

501 1720 551 1789 §·
618 1731 735 1783 285·

108 1812 260 1860 Immo
295 1805 448 1854 eadem
471 1804 634 1852 militat
658 1805 770 1853 ratio
782 1839 799 1867 ,
829 1808 860 1876 fi
861 1807 992 1889 'quis
1026 1807 1200 1868 javenis

43 1876 91 1928 in
102 1875 415 1926 consuetudine
429 1890 530 1921 cum
542 1873 638 1922 aliis
650 1854 930 1940 perpetravit,
945 1893 1041 1942 quae
1055 1898 1078 1926 a
1092 1894 1201 1944 prae·

38 1947 150 2000 senti
161 1946 259 1995 vitae
269 1942 525 1996 conditione
536 1941 711 2011 prorsus
723 1943 864 1994 aliena
875 1945 991 1997 sunt.
1193 1950 1195 1966 '

510 2068 557 2136 §.
626 2077 742 2126 286.

109 2161 316 2206 Ceterum
344 2172 396 2203 ex
425 2154 497 2203 his
532 2145 742 2204 omnibus
773 2153 1055 2204 manifestum
1087 2171 1195 2204 eva-

37 2223 136 2284 dit,
176 2241 389 2291 quantum
419 2223 625 2272 ordinatae
663 2240 714 2270 ac
746 2220 926 2286 sapienti
959 2225 1196 2273 astionum

38 2293 278 2345 direffioni
292 2293 427 2344 obstet
441 2293 627 2410 ebrietag
639 2292 708 2357 (ς.
725 2309 836 2353 103
849 2293 972 2349 Phil
976 2310 1048 2359 pr.
1037 2312 1133 2343 .un
1138 2293 1198 2357 >z

661 2377 686 2422 3
1121 2360 1196 2411 vi-
