1408 2574
190 59 280 110 266
593 69 940 110 msn'ru'rtonsss

190 183 394 248 primum
413 181 529 229 nihil
549 182 641 246 ejus
658 182 847 249 amplius
858 199 910 232 ex
920 181 1056 242 globo
1067 180 1219 244 egredi
1229 198 1327 235 cer·¹
1391 221 1399 256 Ι..

188 252 335 307 nitur3
364 266 475 312 aqua
495 267 578 314 per
597 250 759 302 tubum
782 251 856 299 BC
879 247 1066 302 ascendit
1095 251 1141 299 δε
1164 254 1333 314 οεινίῑα-Ι

189 332 281 366 tem
300 315 425 379 globi
445 323 489 370 A.
515 316 674 384 replet.

670 442 717 504 §0¹-
766 446 836 505 56.

250 569 358 614 Hoc
371 565 423 613 ab
450 567 756 631 experimento
774 566 922 632 quoad
940 584 1037 616 rem
1055 583 1150 614 non
1168 565 1319 617 differt

178 645 359 690 mgams.
383 633 595 692 alterum,
649 650 740 697 quo
770 633 902 683 tubus
932 639 979 683 in
999 640 1039 683 A
1071 634 1316 684 hermetice
1382 642 1392 674 '-

178 703 388 764 figillatus
409 701 454 748 &
471 700 609 750 altero
630 717 828 751 extremo
849 707 881 749 Β
905 705 1128 752 mercurio
1153 705 1201 750 in
1243 718 1327 751 va-=
1361 736 1366 741 -

179 767 303 818 fculo
343 771 425 816 CD
467 784 679 816 contento
724 767 936 818 immissus
977 767 1056 818 sub
1099 781 1330 836 campana‘

179 841 342 886 ABCD
363 835 606 885 collocatur
628 836 671 884 ἃ
691 854 765 885 aer
799 855 850 886 ex
877 838 990 886 tubo
1022 841 1097 885 AB
1127 854 1177 886 ut
1211 852 1331 887 antes

177 907 245 970 (ᾗ.
258 908 342 968 55.)
353 922 404 953 ex
415 904 552 965 globo
565 919 817 952 evacuatur.
886 909 1012 952 Nam
1024 903 1202 953 admiffo
1213 923 1315 955 aere

176 990 361 1023 externo
385 974 642 1020 Mercurius
655 974 702 1019 in
723 973 884 1020 tubum
903 991 1090 1022 vacuum
1111 970 1329 1022 ascendit.'
1400 984 1401 990 ’

176 1042 312 1089 Unde
337 1040 497 1088 modus
517 1037 782 1105 perspicitur
805 1039 940 1090 fluida
957 1059 1041 1108 per
1065 1043 1220 1105 exigua
1241 1038 1313 1102 fof
1386 1034 1402 1069 '⁴

176 1113 347 1161 ramina
365 1110 413 1157 in
426 1104 524 1155 vasa
544 1108 828 1157 immittendi.

666 1245 712 1308 §.
749 1258 821 1311 57·

237 1370 466 1435 Qoniam
499 1386 573 1417 aer
593 1373 637 1418 vi
658 1370 816 1419 caloris
835 1371 968 1418 etiam
984 1369 1221 1435 expellitur
1240 1371 1312 1434 (§0v

171 1442 283 1501 50),
307 1437 452 1485 elucet
463 1454 604 1502 porro
626 1440 768 1494 ratio,
792 1455 870 1486 cur
881 1439 1140 1501 aquaveluti
1150 1436 1311 1504 sponte

170 1505 242 1554 fua
273 1523 355 1569 pet·
392 1503 599 1552 foramen
627 1508 839 1567 exiguum
878 1509 926 1552 in
955 1509 1184 1554 cavitatem
1212 1507 1309 1567 glo-

168 1575 214 1621 bi
237 1576 403 1637 irrepat
415 1611 427 1630 ‚
446 1591 498 1620 ex
510 1590 601 1636 quo
613 1575 658 1620 vi
672 1572 831 1620 caloris
855 1571 1105 1621 corbonum
1121 1574 1309 1621 canden-

165 1644 279 1687 tium
300 1657 373 1688 aet·
398 1636 616 1705 expulsus.
707 1644 856 1688 Immo
876 1639 908 1687 fi
933 1657 985 1688 ex
1007 1640 1144 1703 globo
1163 1643 1309 1689 vitreo

162 1720 235 1765 Fig.
253 1722 298 1755 ιε.
332 1711 407 1755 ΑΒ
421 1707 474 1754 ad
493 1706 718 1772 flammam
743 1706 933 1755 candelae
949 1709 1132 1756 admoto
1162 1708 1308 1775 expel-

160 1775 277 1823 latur
299 1793 394 1833 aer,
416 1792 529 1839 aqua
554 1774 628 1823 vel
647 1775 798 1839 liquor
824 1774 933 1823 alius
953 1792 1035 1840 per
1057 1774 1217 1823 tubum
1230 1779 1305 1823 CB

158 1846 207 1891 in
231 1844 323 1906 ejus
362 1846 595 1891 cavitatem
620 1841 830 1901 ascendit,
860 1839 933 1890 sed
953 1860 1056 1891 cum
1075 1844 1305 1907 periculo,

159 1929 217 1958 ne
241 1909 411 1958 diffiliat
423 1949 436 1967 ,
479 1912 694 1973 quoniam
716 1911 867 1974 liquor
886 1908 1079 1972 frigidus
1097 1912 1214 1959 vitro
1233 1927 1302 1959 ca·

158 1972 255 2028 lido
278 1975 474 2044 aspersus
498 1974 645 2044 ipsum
665 1976 899 2040 diffringit.

668 2103 705 2161 §·
732 2109 799 2164 58-

222 2195 270 2241 Si
289 2197 455 2241 vitrum
479 2193 780 2257 cylindricum
809 2195 891 2242 CD
905 2191 1043 2259 ’aqud‘
1055 2194 1277 2261 repleatur
1287 2231 1300 2254 ,

154 2278 249 2311 non
271 2259 351 2310 nisi
386 2262 597 2331 pauculo·
616 2278 717 2327 aere
741 2261 1078 2335 inst-CEl-reliQO
1098 2265 1142 2314 &
1164 2262 1305 2340 tub-ue

1159 2342 1298 2380 utrm·
