1408 2574
195 109 278 180 338
570 106 923 167 msn‘ru‘nowna

194 230 447 303 supet-fides
466 230 740 283 alibuantum
764 228 932 284 hirsuta
958 249 1156 303 apparet,
1188 232 1262 287 sed
1274 236 1335 289 ob
1404 238 1405 298 J

192 300 398 354 sensuum
421 299 644 350 fallaciam
676 304 814 351 multa
842 321 948 352 cum
979 302 1333 372 circumspestio-
1404 304 1406 359 ἓ

189 388 250 420 ne
272 370 522 431 detegenda.
595 373 726 418 Curis
757 372 946 419 cuticula
965 371 1146 419 vestitur
1178 373 1331 422 admo·
1359 397 1364 437 j
1404 363 1406 420 ἶ

187 438 299 485 dum
332 441 475 486 tenui:
517 435 977 487 substantiafarinacea
989 439 1220 500 globulos,
1251 453 1329 490 aut
1363 434 1368 441 ’
1404 449 1406 486 3

184 504 222 555 fi
244 507 408 564 mavis,
451 504 654 553 vesiculas
686 522 851 566 magno
879 523 1070 554 numero
1102 507 1330 569 congestas

185 571 321 630 fistit,
343 574 392 620 in
412 571 582 621 lumine
604 570 736 620 solati
753 573 877 621 iridis
897 571 1122 622 coloribus
1135 579 1328 623 emican-

184 654 264 689 tes.
334 643 452 688 Cum
471 640 697 706 particulae
715 637 868 688 farinae
890 658 984 688 non
1006 642 1137 688 aliam
1155 640 1222 690 sui
1231 639 1325 707 spe-
1406 667 1408 691 ε

184 710 303 757 ciem
324 706 580 767 exhibeant,
615 725 749 771 quam
770 705 904 755 maffa
929 705 1146 756 farinacea
1177 711 1324 773 grani,
1405 698 1408 788 ἱ

182 776 308 825 haud
326 773 518 824 obscurae
539 776 816 835 intelligitur,
856 774 964 823 dum
975 778 1023 822 in
1044 772 1164 823 mola
1176 791 1326 825 conte·
1406 789 1408 838 ς

181 859 372 900 rantur,
406 842 643 909 particulas
665 839 820 889 farinae
838 859 933 890 non
953 840 1167 901 formari,
1188 840 1261 891 sed
1282 860 1324 890 a·
1347 896 1350 899 ,
1407 881 1408 891 ,

176 909 256 961 au
276 909 365 977 {am
385 908 620 977 praesentes
641 924 815 957 tantum
838 927 862 955 a
889 904 932 956 se
951 912 1142 959 invicem
1156 907 1327 976 separa·u
1407 894 1408 982 l

175 983 234 1030 ri.
312 982 396 1027 Per
452 977 690 1026 cuticulam
724 973 965 1025 secundum
991 974 1323 1039 longitudinem
1407 983 1408 1030 ξ

176 1045 329 1095 tubuli
351 1059 618 1104 excurrunt,
663 1045 742 1110 qui
766 1046 816 1092 in
836 1044 975 1092 altero
993 1059 1211 1105 extremo,
1244 1043 1323 1092 ubi

173 1114 381 1184 plantula
400 1111 607 1162 delitescit
620 1151 631 1172 ,
662 1111 959 1173 colliguntur.
983 1112 1136 1161 Multo
1149 1110 1321 1160 facilius

174 1180 533 1249 conspiciuntur,
555 1178 587 1226 fi
613 1196 800 1241 granam
817 1183 866 1228 in
877 1196 988 1243 aqua
1007 1180 1232 1243 intumuit,
1245 1197 1320 1227 an-

174 1266 359 1316 tequam
380 1252 493 1298 cutis
529 1244 768 1313 separetur.
847 1250 972 1295 Cutis
1002 1250 1050 1295 in
1073 1246 1234 1296 multas
1257 1248 1319 1293 la·

174 1318 334 1370 mellas
355 1316 579 1364 divisibilis
604 1315 648 1361 ὃ(
671 1313 872 1362 utriculis
894 1314 1032 1362 veluti
1059 1314 1218 1379 obsita,
1250 1330 1319 1362 tu-

175 1386 386 1451 bulisque
405 1384 549 1441 multo
568 1382 815 1431 minoribus
835 1381 1080 1438 instruitur,
1100 1399 1230 1445 quam
1247 1398 1317 1429 cu=
1378 1404 1381 1408 ·

175 1454 311 1503 ticula
323 1492 335 1514 ,
367 1452 563 1500 ramulos
581 1450 801 1517 plurimos
812 1448 1094 1514 undiquaque
1113 1445 1319 1514 spargen-

170 1521 311 1571 tibus,
377 1519 565 1568 Maculae
587 1515 733 1575 flavae,
763 1534 859 1580 quae
877 1519 924 1563 in
946 1533 1085 1578 grano
1105 1515 1316 1564 notaban-

173 1603 252 1639 tur
266 1626 281 1649 ‚
299 1592 346 1636 in
365 1587 554 1636 cuticula
576 1585 822 1642 existebant,
841 1583 885 1630 &
905 1583 1085 1646 quidem
1093 1585 1141 1630 in
1149 1585 1317 1631 utricu-

172 1656 255 1715 lis,
279 1657 356 1721 qui
378 1659 492 1703 inter
512 1652 675 1701 fistulas
695 1650 1078 1715 interjiciebantur.
1180 1650 1317 1696 Unde

173 1723 430 1786 colligitur,
453 1739 526 1770 eas
547 1735 760 1786 corrupto
781 1721 1056 1766 nutrimento
1069 1732 1218 1766 ortum
1244 1717 1317 1763 de·

179 1791 300 1840 bere.
372 1792 464 1856 Qi
486 1788 668 1839 tubulos
688 1791 734 1835 in
753 1786 943 1834 cuticula
964 1782 1138 1832 feminis
1153 1786 1315 1845 cogitat

171 1858 220 1908 c&
238 1854 410 1906 vascula
427 1853 664 1918 sanguinea
684 1857 731 1903 in
756 1853 963 1918 pellicula
982 1849 1060 1900 sub
1085 1853 1315 1917 putamine

172 1929 252 1975 ovi
270 1925 465 1973 incubati
488 1923 724 1988 aliquando
746 1921 881 1981 vidit3
915 1917 1089 1969 seminis
1114 1936 1216 1968 cum
1226 1933 1316 1967 ovo

170 1992 510 2049 ⁴‘similitudinem
527 1990 637 2045 inde,
653 1990 852 2052 colliget·

675 2128 716 2187 §.
744 2137 851 2174 200.

239 2213 369 2276 Cutis
390 2207 521 2264 cerasi
561 2209 759 2262 candicat
786 2208 832 2276 ὃς
855 2205 1067 2278 ςιιῐτίιιιιὶίε
1101 2202 1318 2320 υῃᾱίφξὲ

1220 2286 1257 2336 =q
