1408 2574
225 108 299 174 138
613 120 962 155 msnrurxours

714 236 749 293 §.
782 240 856 289 80.

287 351 492 414 Apparet
512 346 617 396 hinc
633 350 804 413 primo,
825 364 1109 396 communem
1129 351 1347 410 cogitandi

219 416 406 466 modum
419 434 511 465 non
532 414 710 464 differre
736 416 1213 466 ademonstrationibus
1228 420 1346 466 Geo-

217 498 465 533 metrarum
485 485 540 544 (§.
557 501 622 548 50.
635 485 799 549 Log.),
825 481 898 531 seu
921 485 1042 548 quod
1064 486 1247 550 perinde
1269 485 1344 544 est,

217 554 484 600 Geometras
505 555 551 600 in
575 550 660 600 suis
677 551 1121 600 demonstrationibus
1142 552 1186 599 ἃ
1206 554 1343 601 medi·

190 670 192 673 ,
214 620 455 667 rationibus
475 619 632 668 eodem
646 618 802 668 ordine
825 619 877 666 ab
887 620 1218 684 unojudicioad
1239 622 1342 671 alte·

213 703 319 734 rum
338 687 565 752 progredi,
586 705 676 751 quo
698 683 925 752 plebsipsa
946 686 1125 748 fingulis
1145 706 1345 738 momen-

212 757 270 802 tis
288 757 477 802 naturali
501 756 723 816 cogitandi
736 754 870 803 modo
892 772 914 800 a
927 758 1213 820 perceptione
1234 774 1344 821 prte-

210 819 323 870 senti
343 823 398 870 ad
418 820 752 887 subsequentem
781 822 1088 889 progreditur,
1109 839 1203 887 qua·
1225 824 1340 887 obje-

207 889 334 939 aum
354 888 507 939 absens
519 889 957 955 repraesentatur‚hac
967 887 1118 938 saltem
1137 889 1342 940 differen-

207 962 280 1018 tia,
291 959 413 1024 quod
439 962 692 1007 Geometrae
719 955 924 1023 ipsosque
945 959 1022 1021 qui
1049 961 1276 1015 imitantur
1292 962 1340 1007 in

208 1027 304 1074 aliis
334 1025 572 1092 disciplinis
604 1023 835 1073 versentur
866 1027 982 1072 circa
1009 1028 1212 1074 veritates
1241 1029 1337 1074 uni-

207 1091 407 1155 versales,
418 1092 545 1160 plebs
573 1096 687 1142 circa
715 1092 950 1152 historicas,
969 1091 1056 1140 five
1090 1092 1339 1157 singulares.

700 1217 744 1280 ᾗ.
781 1226 840 1275 81.

272 1347 476 1407 Apparet
496 1331 702 1398 secundo,
725 1339 955 1404 quodlibet
971 1340 1187 1404 judicium
1204 1356 1337 1406 pecu-

204 1410 363 1459 liarem
384 1411 632 1470 exprimere
665 1412 820 1456 animae
850 1406 1031 1466 statum,
1053 1411 1265 1456 nimirum
1286 1411 1337 1456 in

202 1482 354 1545 primo
390 1477 618 1525 ratiocinio
659 1476 875 1540 judicium
909 1478 1165 1525 intuitivum
1196 1473 1336 1522 refert

200 1546 362 1596 statum
382 1539 882 1608 praesentem,judicium
902 1544 1227 1606 alterum,quod
1238 1539 1331 1590 suc-

199 1616 354 1671 currit,
377 1610 508 1658 status
528 1614 777 1674 praeteritos
803 1610 1070 1673 plerumque
1093 1612 1239 1675 plures
1255 1648 1266 1668 ,
1286 1611 1333 1658 δε

194 1681 425 1748 judicium,
438 1677 556 1742 quod
577 1674 784 1737 infertur,
799 1675 1084 1726 discursivum
1105 1676 1261 1725 statum
1270 1674 1332 1725 se-

195 1762 426 1814 quentem,
439 1748 516 1810 qui
536 1744 754 1792 enascitur
777 1763 826 1793 ex
842 1743 1048 1809 praefienti
1071 1748 1116 1792 vi
1133 1747 1327 1812 praeteri·

195 1821 244 1865 ti.
314 1818 381 1862 Ut
405 1814 516 1861 adeo
537 1831 657 1860 nunc
685 1812 1326 1877 comprehendamu8,quomo-

195 1885 256 1932 do
279 1887 325 1932 in
347 1884 494 1930 anima
505 1899 558 1928 ex
565 1882 684 1942 statu
685 1880 882 1946 praeftnti
887 1896 969 1949 per
973 1886 1232 1948 praeteritum
1247 1886 1324 1928 im-

190 1964 402 2020 praegnato
424 1948 562 2010 enasci
574 1949 689 2016 poſjit
698 1947 888 2014 ſsquens.

686 2074 721 2131 ὗ·
764 2080 832 2127 82·

259 2195 466 2264 Apparet
485 2196 640 2254 tertio,
676 2194 817 2242 literis
851 2211 1034 2259 operam
1067 2208 1275 2243 narrantes
1295 2210 1320 2240 a

189 2264 382 2316 naturali
414 2263 637 2326 cogitandi
669 2261 1055 2330 mododefleaere
1077 2264 1120 2312 δε
1139 2261 1318 2312 faculta-

1227 2344 1319 2377 tem
