1408 2574
344 79 615 146 Philosophiae
636 81 828 139 moralis,
1104 101 1132 141 2
1141 106 1170 151 4
1181 103 1204 149 5

519 183 568 252 ς.
607 192 719 239 22⁶.

55 294 63 302 1
109 271 261 321 Virtus
293 286 369 333 per
390 265 753 319 conformitatem
777 286 880 317 cum
899 267 998 337 Iege
1016 283 1197 321 natura-

39 341 73 395 li
96 342 143 390 in
166 338 247 389 esse
266 339 342 387 suo
364 336 639 386 constituitur
654 335 725 402 (ᾗ.
742 342 892 401 ης.)
959 339 1196 401 Quamob-

37 430 134 463 rem
151 428 253 459 cum
267 406 457 462 constet,
482 404 590 469 quid
618 407 665 452 fit
680 407 788 466 juris
802 409 1008 455 naturalis
1030 427 1043 467 3
1073 407 1192 456 haud

38 479 269 529 difficulter
285 493 459 543 quoque
469 474 515 520 in
529 474 959 538 qualibetastionum
972 476 1194 527 humana-

39 566 139 605 mm
161 545 301 614 specie
322 544 509 600 constat,
535 542 639 612 quid
663 544 711 595 [it
730 544 913 594 virtutis.

514 678 561 746 ᾗ.
604 699 628 729 2
639 696 707 737 27.

111 768 273 820 Vitium
308 768 465 813 morale
489 765 737 828 appellatur
754 766 931 819 habitas
950 769 1189 821 voluntatis

33 839 121 906 legi
145 835 331 889 naturali
348 833 590 891 difformis,

499 972 548 1044 ᾗ.
592 983 708 1029 228.

100 1063 298 1110 Vocatur
328 1057 488 1107 vitium
522 1074 599 1120 per
631 1056 920 1106 eminentiam
953 1062 1185 1124 quandam.

31 1129 159 1184 Unde
178 1128 232 1176 de
246 1126 340 1191 ipso
355 1126 511 1174 itidem
529 1126 663 1188 valet,
686 1126 807 1191 quod
829 1126 884 1173 de
909 1126 1018 1176 vitio
1040 1130 1085 1177 in
1104 1148 1186 1196 gen

30 1216 134 1249 nere
159 1197 229 1263 (ᾗ.
244 1203 315 1259 56.
330 1194 504 1260 &seqq.
524 1196 816 1258 Pb.pr.un.),
839 1191 888 1242 &
908 1194 962 1244 de
975 1196 1076 1263 fuga
1088 1199 1185 1248 vitii

31 1268 102 1336 (ᾗ.
122 1287 139 1320 1
153 1279 196 1325 8,
212 1285 289 1319 22·
305 1263 353 1315 &
367 1264 484 1332 sqq.)
509 1264 800 1316 commentati
823 1263 986 1321 sumus·

482 1398 532 1473 §0
601 1419 716 1464 229.

91 1528 311 1578 Differunt
335 1542 482 1576 autem
502 1523 608 1572 vitia
629 1541 711 1587 pro
724 1525 958 1575 diversitate
978 1526 1181 1591 objesto-
1242 1527 1247 1533 ’

27 1616 129 1651 rum
151 1613 453 1655 externorum,
476 1611 571 1659 quae
592 1596 838 1658 appetitum
862 1612 1044 1644 movent
1059 1635 1074 1660 ‚
1108 1613 1180 1645 at-

26 1685 112 1731 que
126 1667 227 1714 inde
241 1663 358 1714 sicuti
372 1663 552 1711 virtutes
564 1662 634 1728 (§.
650 1683 708 1716 22
723 1669 786 1728 5.)
806 1665 853 1712 in
864 1664 997 1712 varias
1019 1664 1179 1715 abeunt
1212 1679 1214 1681 ’

25 1734 205 1805 species,
217 1732 421 1798 variaque
442 1729 683 1782 sortiuntur
701 1734 903 1786 nomina.

514 1865 563 1941 ᾗ.
600 1885 718 1934 230.

94 1995 263 2046 Vitium
286 2011 364 2058 per
388 1993 723 2044 difformitatem
751 2012 853 2045 cum
877 1995 977 2061 lege
994 1997 1178 2047 naturali

27 2065 74 2114 in
89 2062 170 2113 esse
191 2065 265 2113 suo
280 2063 548 2112 constituitur
562 2063 664 2129 (§.2
675 2084 697 2115 2
708 2068 794 2129 7.).
862 2065 1180 2134 Qamobrem

26 2151 104 2198 per
120 2135 265 2199 legem
280 2131 521 2182 naturalem
536 2132 874 2191 determinatur,
895 2135 996 2199 quid
1008 2136 1054 2183 in
1066 2152 1178 2184 una-

27 2220 199 2273 quaque
218 2201 447 2252 afikionum
460 2200 753 2252 humanatum
764 2201 903 2267 specie
915 2203 1007 2252 vitii
1020 2205 1086 2260 fit,

575 2328 614 2383 Q
651 2343 678 2392 3
1009 2327 1178 2394 §.231.
