1408 2574
432 134 564 198 Jmis
592 132 826 184 naturalis.
1116 146 1207 185 101

17 238 25 286 4
51 229 256 297 biplicatae
269 230 536 283 solutionem
550 227 740 278 debitori
753 229 944 278 reddunt
960 230 1205 289 onerosam,

23 299 27 356 4
51 302 146 356 imo
176 303 400 366 saepiffime
439 300 630 348 eundem
669 300 715 346 in
747 316 993 350 extremum
1017 318 1207 365 pauper.

17 369 25 417 ’Ξ
50 372 152 420 tatis
175 373 330 421 statum
354 369 609 430 conjiciunt.
682 369 785 417 Ideo
805 369 1013 417 debitoris
1028 371 1108 427 est,
1126 370 1207 419 sta·

22 450 37 486 4²
49 455 149 488 tuto
161 457 362 504 tempore
374 440 544 486 solvere
558 435 702 484 usuras
714 451 727 493 3
752 438 978 486 creditoris
990 458 1093 488 vero
1106 458 1207 488 mo·

48 526 152 558 nere
163 545 177 569 ,
202 510 299 558 imo
332 508 504 574 adigere
524 504 770 556 debitorem
784 542 800 569 ,
821 522 867 554 ut
883 506 1039 570 solvat,
1066 511 1094 558 fi
1108 527 1208 560 mo·

21 605 24 627 4
48 595 145 629 ram
168 578 428 630 damnosam
444 574 608 630 trahat.

534 713 579 782 §.
619 729 733 775 αις.

112 839 259 889 Usurae
279 832 532 888 immodicae
551 839 754 888 dicuntur
772 845 939 902 faenus.
1007 843 1204 893 Censen-

18 905 21 917 ’
41 926 121 957 ωε·
142 908 572 968 autemimmodicae‚
595 926 688 974 quae
707 909 869 973 regulis
895 909 1104 960 hastenus
1128 915 1208 961 de-

19 1029 22 1035 *
49 977 295 1027 monstratis
307 975 381 1043 (ᾗ.
396 983 519 1040 210.)
533 991 804 1042 repugnant:
838 978 952 1028 unde
974 980 1113 1029 statim
1137 984 1209 1029 in-

19 1043 22 1063 ”
48 1045 162 1096 ferre
178 1060 313 1095 nemo
326 1063 417 1093 non
430 1047 586 1107 potest,
610 1045 749 1094 foenus
764 1042 845 1093 effe
859 1062 980 1097 tanto
993 1050 1204 1117 iniquius,

46 1131 211 1184 quanto
226 1114 368 1182 magis
384 1114 573 1164 debitori
585 1113 863 1167 damnosum.

511 1252 560 1321 §.
622 1258 721 1305 216.

188 1378 233 1428 Si
258 1379 355 1444 quis
388 1378 451 1426 rei
475 1377 560 1430 suae
583 1379 710 1445 usum
730 1415 744 1439 ,
781 1379 853 1429 vel
871 1378 1004 1429 etiam
1026 1399 1207 1446 operam

38 1447 172 1497 -suam
188 1448 257 1517 (ᾗ.
268 1466 285 1499 1
299 1453 410 1512 74.)
428 1465 511 1512 pro
522 1465 633 1499 certa
644 1449 778 1498 alteri·
790 1450 992 1497 concedit
1006 1453 1206 1501 mercede

47 1519 150 1584 (qui
174 1519 426 1567 contrastus
457 1521 678 1567 locationis
699 1519 986 1568 conduc‘ffionis
1013 1521 1096 1570 fert
1125 1539 1209 1570 no·

48 1592 203 1650 men);
246 1585 504 1652 dominium
537 1587 656 1636 illius
678 1587 807 1635 simul
829 1588 1088 1638 translatum
1113 1607 1207 1639 non

47 1656 135 1717 est,
161 1655 358 1721 adeoque
379 1656 433 1702 de
458 1674 506 1704 ea
520 1655 750 1719 disponere
768 1656 886 1705 nihil
909 1656 1035 1718 licet,
1055 1660 1134 1706 nisi
1155 1678 1207 1707 ex

47 1724 272 1777 voluntate
282 1723 480 1782 domini,
504 1741 597 1773 non
606 1725 680 1775 nifi
695 1724 820 1774 usum
833 1727 1111 1774 concedentis
1123 1729 1208 1776 five

30 1831 31 1836 ,
47 1792 288 1843 limitatum
300 1833 316 1858 ‚
341 1793 426 1840 sive
439 1792 575 1840 nullis
589 1793 915 1841 'conditionibus
933 1796 1205 1862 admistum,

48 1860 129 1911 nec
147 1861 328 1909 eandem
344 1899 360 1923 ,
386 1859 480 1922 ipso
502 1860 639 1908 inscio
663 1860 1019 1920 acinvitoplteri
1041 1863 1203 1924 locare,

49 1931 193 1979 multo
214 1931 362 1982 minus
383 1929 571 1992 vendere
593 1929 727 1978 autin
738 1930 900 1997 pignus
912 1933 1080 1982 tradere
1092 1950 1205 1983 con·

17 2049 19 2055 ,
50 2016 186 2053 vemt.

517 2124 565 2193 ᾗ.
605 2143 719 2191 217.

38 2279 81 2315 ,ῃ
160 2245 172 2309 ;’
186 2255 248 2302 Ex
268 2242 420 2310 eadem
443 2240 623 2318 ratione.
643 2246 998 2318 sequitnr2>313e1n
1014 2250 1204 2311 ¹locatam

52 2317 400 2376 deteriorandam
444 2340 537 2372 non
582 2315 663 2369 effe
685 2355 698 2379 ,
755 2320 830 2372 nifi
867 2339 1085 2389 quatenus
1122 2339 1204 2369 ne·-

48 2415 51 2418 ·
606 2392 647 2437 G
680 2408 705 2455 3
1114 2408 1206 2440 ces-
