1408 2574
549 117 755 168 Politia-a,
1119 137 1153 183 4
1164 135 1186 181 5
1198 140 1228 182 (ι

67 229 116 260 ra
140 211 260 260 decet
280 246 295 269 ,
333 214 379 257 ut
413 207 529 257 bona
567 207 779 257 naturalia
811 207 984 258 abunde
1005 214 1221 273 proveni-

66 296 169 341 ant,
191 295 356 328 merces
392 276 480 324 levi
504 274 649 325 sumtu
685 277 788 326 inde
830 294 1133 343 praeparentur,
1165 280 1216 331 ὅ(

67 363 234 413 magno
271 362 460 396 numero
507 344 555 392 in
596 345 700 394 alias
740 347 943 411 regiones
975 364 1216 410 exporten-

66 429 178 468 tur:
223 415 344 482 quod
373 428 421 461 nt
442 414 538 474 fiat,
573 414 831 474 cavendum,
867 417 1214 468 nenimiumve·

66 483 203 552 &igal
221 483 375 534 'efficiat
392 499 543 531 catum
564 482 754 547 pretium
786 483 1094 546 immodicum.

517 592 563 641 5·
623 596 750 650 '349-

90 664 370 728 imperanti
402 664 576 731 quoque
609 664 655 717 id
691 666 930 732 agendum,
961 682 1012 714 ut
1028 667 1212 727 pecunia

67 734 355 783 conveniente
408 733 576 782 ratione
617 734 731 782 inter
770 735 941 782 incolas
984 734 1212 783 distribua-

66 815 170 861 tur,
213 817 269 849 ne
301 818 412 849 unus
458 801 650 851 abundet
700 802 861 865 opibus
903 820 1006 851 cum
1041 819 1212 851 cetero·

65 886 169 917 tum
181 868 347 918 damno
371 868 444 934 (ᾗ.
457 886 544 932 512
549 873 660 935 Jur
670 875 799 935 nat).
867 872 951 918 Ut
938 887 1070 935 igitur
1081 870 1213 935 hujus

63 953 178 986 curae
188 953 354 986 tenaces
366 938 598 1005 smt,neque
611 957 707 986 eam
718 954 925 1005 tanquam
939 939 1116 987 levioris
1136 938 1211 988 vel

65 1004 226 1056 nullius
282 1007 503 1057 momenti
556 1006 794 1072 abjiciant·
848 1005 1211 1072 perpendendum

65 1073 149 1135 est,
183 1073 304 1139 quod
338 1075 396 1122 fic
429 1093 561 1125 onera
581 1076 749 1125 civibus
786 1076 929 1125 fututa
950 1076 1032 1124 fint
1053 1090 1211 1140 parum

66 1141 269 1208 molesta,
300 1142 613 1211 consequenter
645 1161 671 1192 e
700 1145 852 1193 medio
883 1143 1094 1192 tollantur
1107 1161 1211 1210 que·

65 1209 167 1258 relae
206 1211 261 1261 de
293 1229 451 1263 eorum
484 1212 726 1279 gravitate,
765 1213 887 1263 statui
909 1212 1092 1278 publico
1121 1211 1209 1261 ini·

64 1278 204 1335 micae

513 1419 581 1487 §.¹
637 1434 750 1484 350.

130 1529 198 1574 Ne
226 1524 402 1574 nummi
433 1525 489 1573 ab
510 1523 646 1573 avaris
671 1523 744 1571 vel
773 1518 1035 1571 hominibus
1064 1518 1206 1568 ditio·

64 1592 186 1642 ribus
248 1609 355 1642 arcae
419 1593 612 1642 vinculis
655 1592 945 1645 detineantur,
991 1586 1206 1654 prospici-

65 1662 227 1711 endum
252 1659 311 1708 est
345 1660 400 1710 de
429 1660 745 1709 credendarum
783 1658 1026 1727 secutifate·
1069 1673 1206 1723 quor·

64 1729 162 1777 sum
204 1728 307 1777 facit
361 1730 561 1779 ararium
601 1727 797 1794 {aperius
845 1724 1208 1777 commendatum

64 1797 138 1866 (§·
155 1802 314 1862 2490.

512 1928 562 1999 §.
628 1947 736 1996 ³5¹·

132 2036 354 2089 Divitibus
386 2038 558 2087 eumin
578 2040 708 2088 finem
737 2035 942 2088 convenit
968 2035 1125 2088 lautius
1156 2053 1207 2088 ae

61 2106 330 2171 splendidius
358 2106 531 2156 vivendi
551 2124 706 2173 genus,
738 2105 860 2173 cujus
889 2106 1079 2155 rationes
1099 2106 1207 2156 alias

61 2175 112 2225 in
125 2174 325 2227 medium
343 2175 568 2228 attulimus
592 2174 713 2240 supra
733 2176 808 2243 (ᾗ.
823 2195 850 2229 2
862 2179 972 2241 17.)-

609 2323 676 2376 Ff
705 2340 733 2376 τ,
1003 2322 1053 2391 §.
1093 2337 1203 2390 552·
