1408 2574
216 88 538 131 rfllLosoPfflAE
574 85 976 122 EXPERIMENTALIS.
1085 83 1176 132 297

40 194 237 253 ticulum
258 198 386 258 adest,
406 197 500 245 fiab
530 199 623 245 imo
650 199 819 261 incipit.
886 198 1009 242 Patet
1029 195 1177 259 itaque

40 271 227 333 glaciem
247 270 392 317 minus
415 265 634 331 expandi,
667 264 699 311 fi
730 267 819 312 aeri
850 278 997 328 pateat
1028 267 1180 324 exitus,

41 336 359 402 consequenter
388 339 480 383 vim
521 350 644 397 aquae
673 335 720 378 in
763 332 947 393 glaciem
980 330 1181 382 abeuntis

13 428 14 431 ¹
41 405 127 458 effe
140 405 192 454 ab
203 421 302 455 aere
313 401 354 455 se
365 400 406 452 se
423 406 538 453 intra
557 417 695 470 poros
715 405 806 464 ejus
831 400 1049 449 dilatante.

521 539 557 600 §.
593 552 692 602 1240

144 631 323 696 Quanta
341 625 393 675 sit
421 625 610 678 efficacia
620 642 744 694 aquae·
759 630 805 675 in
818 627 1003 690 glaciem
1023 626 1184 677 abeun-

7 728 10 746 <¹
41 699 102 748 tis'
124 715 218 746 non
244 695 381 747 modo
402 713 663 746 communes
688 699 970 760 experientiae
992 696 1183 760 loquun-

7 785 10 791 Α
43 781 239 826 tur‚quae
256 761 355 813 vasa
375 764 448 812 vel
471 782 633 831 cuprea
658 780 790 828 atque
829 764 963 812 tubos
1000 767 1185 812 metalli-

7 859 9 865 *
51 851 127 884 cos
146 833 297 882 eadem
327 829 529 897 diffringi
557 831 792 889 testantur,
845 849 1005 879 verum
1051 838 1185 881 etiam

43 905 260 969 Hugem'us
281 903 499 963 An.1667.
514 901 558 949 ὅτ
578 899 678 968 post
698 917 802 947 eum
837 902 993 947 Buotus
1017 900 1198 950 Parisiisv

4 970 7 1028 ζ
44 975 132 1021 An.
145 974 272 1032 1670.
296 967 566 1032 tandemque
588 967 723 1030 [ftael
743 968 931 1016 Com-adi
948 1004 959 1026 ‚
981 970 1186 1018 Medicus·

45 1035 336 1087 Dentiscanus
366 1041 456 1083 An.
490 1039 616 1101 1677.
652 1037 846 1101 repetito
878 1039 1187 1099 experimento

0 1116 5 1161 ι]
46 1107 310 1162 docuerunt,
322 1100 567 1171 sclopetum
593 1121 705 1168 aqua
728 1102 954 1168 repletum
977 1104 1020 1151 ὃ(
1043 1106 1188 1170 probe

3 1170 4 1231 ζ
45 1173 302 1222 obturatum
314 1170 486 1220 intenso
497 1169 667 1237 frigore
680 1171 879 1239 hyemali
896 1188 1060 1233 magno
1084 1191 1189 1222 cum

1 1264 3 1298 2
46 1240 229 1308 fragore
242 1237 456 1305 diffringi.

539 1378 582 1444 §.
619 1393 703 1441 125.

117 1470 326 1534 Corpora
349 1469 624 1530 conglaciata
633 1468 776 1517 veluti
794 1483 946 1535 poma,
959 1485 1074 1528 caro,
1093 1486 1190 1530 ova3

50 1533 84 1585 fi
113 1553 235 1599 aquae
258 1539 595 1587 committantur
624 1534 800 1598 frigidae
833 1536 976 1584 crusta
1018 1537 1193 1601 glaciali

50 1603 361 1664 obducuntur,
406 1605 450 1654 ὃς
471 1605 745 1668 regelatione
766 1606 954 1654 minime
990 1622 1193 1654 corrum-

49 1686 235 1739 puntur,
287 1674 668 1739 quemadmodum
688 1671 787 1723 fieri
804 1669 915 1721 solet
928 1713 939 1732 ,
960 1673 992 1723 fi
1012 1673 1066 1721 ad
1081 1674 1193 1723 calo·

49 1756 149 1789 rem
172 1736 367 1790 fornacis
383 1741 651 1802 regelantur.
730 1742 969 1790 Nimirum
997 1759 1049 1790 ex
1080 1759 1194 1805 aqua

51 1824 247 1873 corpore
278 1809 551 1870 conglaciato
584 1806 788 1859 calidiori
818 1808 939 1858 calor
968 1805 1197 1861 succeffive
1244 1834 1247 1836 ·

52 1877 101 1925 in
125 1872 270 1942 ipsum
287 1892 519 1941 penetrat,
548 1877 668 1924 unde
695 1875 863 1923 humor
891 1875 1195 1938 conglaciatus

50 1940 288 1993 resolvitur
308 1944 352 1994 ὅ(
373 1961 520 2009 aquae
543 1945 770 1994 contrario
795 1960 960 2010 corpus
992 1944 1193 1995 ambiens

52 2013 101 2061 in
124 2010 307 2073 glaciem
318 2015 597 2063 convertitur
618 2013 681 2073 (ἓ.
701 2010 834 2072 122).
865 2013 948 2060 Illa
979 2009 1195 2063 resolutio

52 2097 158 2130 cum
180 2077 256 2128 fiat
268 2077 494 2131 successive
526 2081 572 2128 &
605 2079 754 2129 calore
782 2078 948 2129 blando
981 2119 994 2140 ‚
1027 2099 1197 2150 corpus

54 2145 243 2212 pristino
273 2145 402 2201 statui
425 2148 698 2202 restituitur:
741 2148 995 2201 violentum
1025 2165 1201 2210 natutae

53 2216 300 2271 inimicum.

9 2288 15 2292 '
590 2288 640 2338 Τ
676 2301 702 2352 5
1059 2284 1198 2356 §.1263
