1408 2574
280 107 603 147 muosormar,
647 100 1053 146 EermMENTALIS.'
1154 103 1246 162 343

34 243 35 246 ’
98 239 245 284 catur,
268 222 527 273 attrac'i'iva:
549 236 683 286 quam
705 217 1012 270 observaturus
1034 235 1163 269 acum
1182 236 1238 269 ex

99 293 180 343 filo
214 293 351 341 libere
369 286 618 355 suspendat,
637 286 818 335 admoto
850 293 971 337 enim
991 288 1113 355 -polo
1145 306 1236 337 ma.

98 363 243 425 gnetis
258 399 269 419 ‚
287 374 338 407 ut
356 357 508 422 aliquo
538 354 775 404 intervallo
796 373 820 402 a
843 354 1022 423 cuspide
1049 374 1148 405 acus
1168 357 1235 405 di·

24 416 35 456 9
60 445 63 447 ’
96 431 178 478 stet
199 468 210 488 ,
240 445 291 476 ea
309 426 449 475 veluti
477 421 636 490 sponte
660 426 846 472 accurrit
880 425 923 471 ὃ(
940 427 1138 486 magneti
1158 423 1233 474 vel

61 527 63 529 -
93 493 232 558 ferro,
244 512 334 562 quo
346 490 770 552 armatur‚¹adhaeret
787 508 1035 558 manusque
1046 493 1234 543 eandem

93 565 326 614 retrahens
349 561 543 625 aliquam
565 557 849 607 refistentiam
869 558 1012 608 sentit.
1080 562 1235 609 Clavis

93 631 241 682 ferrea
260 631 334 678 vel
353 627 527 677 ferrum
547 627 726 692 majoris
747 626 987 692 ponderis,
1020 647 1105 694 pro
1139 645 1232 677 ma-

94 700 328 762 gnitudine
349 700 413 744 vis
423 692 658 743 atu-afficis
677 697 723 743 in
750 694 926 743 diversis
946 695 1231 757 magnetibus

93 765 270 818 diversae
283 765 335 819 ad
348 764 479 830 polos
498 777 732 811 armaturae
753 761 783 815 fi
805 763 1069 834 applicetur,
1091 763 1230 815 firmi-

90 849 161 884 ter
183 835 236 882 ab
255 835 342 881 hoc
366 831 514 897 lapide
534 834 764 889 retinetur,
774 831 978 895 pondere
997 848 1092 883 non
1113 829 1230 895 suffi-⁴

93 905 238 952 ciente
261 902 312 953 ad
330 899 463 971 ipsius
482 897 536 946 ab
559 915 615 948 eo
634 895 967 968 separationem

585 1024 627 1084 §.
664 1024 754 1081 f211.

158 1140 345 1190 Dudum
364 1155 546 1204 quoque
566 1136 856 1198 notatum‘esh
865 1151 1119 1203 magnetem
1137 1134 1225 1187 fer·

67 1262 70 1266 ,
91 1226 147 1260 ro
167 1221 386 1257 armatum
410 1204 572 1256 fortius
593 1207 769 1255 trahere
789 1224 884 1254 non
903 1222 1086 1256 armato.
1154 1209 1228 1253 Sa-

36 1336 38 1340 *
92 1293 153 1326 ne
171 1274 417 1337 Merftnnus
427 1273 613 1342 poffedit
635 1289 914 1335 magnetem,
934 1277 1014 1340 qui
1032 1289 1229 1324 armatus

91 1361 156 1394 ιο.
177 1342 286 1393 ferri
310 1342 443 1392 libras
469 1341 734 1401 attrahebat,
762 1359 868 1393 cum
897 1360 994 1393 non
1030 1357 1229 1393 armatus

89 1429 186 1464 non
212 1409 291 1461 nifi
309 1406 594 1461 semiunciam
613 1410 821 1461 traheret.

583 1540 627 1599 §.
673 1552 762 1586 212.

158 1631 239 1677 Vis
260 1642 410 1678 autem
420 1627 647 1677 attrastiva
669 1645 844 1678 tantum
873 1630 1228 1696 deprehenditur

90 1699 141 1746 in
160 1696 335 1746 duobus
370 1693 546 1762 punais
567 1698 809 1765 oppositis,
847 1699 1010 1764 quibus
1035 1703 1229 1768 polorum

94 1762 348 1830 imposuere
379 1781 547 1812 nomen
568 1764 627 1812 ob
646 1766 740 1813 vim
763 1765 1043 1824 direffivam,
1064 1767 1119 1814 de
1140 1784 1228 1832 qua

29 1867 41 1878 2
93 1850 199 1882 mox
220 1831 351 1897 plura
373 1831 583 1880 dicemus.
654 1832 788 1881 Unde
808 1833 907 1898 poli
927 1838 1142 1894 magnetis
1155 1835 1230 1882 de-

93 1915 318 1962 teguntur,
340 1897 373 1947 si
393 1916 497 1948 eum
517 1896 638 1948 scobi
656 1898 812 1949 ferreae
822 1903 1071 1948 committas
1084 1939 1096 1960 ,
1131 1919 1230 1966 quae

93 1967 239 2016 barbae
259 1965 393 2017 instar
407 1966 591 2034 alicujus
615 1969 794 2035 utrique
815 1967 927 2035 polo
937 1965 1081 2018 statim
1090 1969 1233 2028 adhae-v

93 2050 180 2086 ret.

594 2107 638 2164 §-
675 2119 764 2168 213.

159 2191 335 2238 Dicitur
360 2201 509 2237 autem
539 2189 674 2255 polus
699 2191 809 2239 alter
817 2190 1161 2261 fiptentrionalis
1180 2194 1231 2243 fi-

27 2318 35 2320 >
94 2264 151 2322 ‚ve
171 2254 346 2309 borealis
357 2277 375 2321 ,-
411 2258 531 2331 alter
553 2276 661 2311 vero
693 2260 891 2322 australis
923 2260 1011 2316 five
1035 2263 1233 2314 meridio-

661 2330 703 2393 Χ
734 2343 769 2389 4
1104 2332 1234 2384 nalis.
