1408 2574
553 78 968 146 PRAEFATIO.

92 235 101 247 ·
179 201 401 258 thefibus
456 198 1041 264 PHILOSOPHIAM
1109 198 1247 266 Wo
1260 197 1335 256 L-

183 277 556 337 FIANAM
623 280 862 336 Romano
940 279 1116 334 habitu
1183 298 1334 333 exor-

182 372 350 413 natam
403 362 699 413 contineret.
763 384 767 387 ¹
804 355 949 411 „Vix
989 371 1161 411 autem
1205 352 1336 410 mihi

181 435 289 491 hoe
319 448 524 490 enatum
558 450 660 490 erat
716 434 980 491 confilium
1005 477 1021 503 ,
1107 437 1338 506 inopina·

144 526 230 569 ,ta
273 514 503 587 quaedam
556 514 608 568 ἃ
674 515 737 569 ad
791 511 1077 567 seculorum
1141 526 1336 566 aetatem

180 592 513 646 memoranda
568 592 723 660 hujus
774 589 1115 662 Philosophia:
1168 592 1337 663 perio-

184 669 280 723 dus
303 687 461 724 novas
483 670 813 744 suppeditavit
834 672 1050 722 rationes
1063 710 1079 735 ,
1154 686 1242 721 cur
1265 670 1337 720 ei-

185 748 306 801 dem
380 749 683 822 exequendo
757 764 970 802 omnem
1034 743 1337 818 applicarem

181 842 409 898 operam

295 968 453 1026 Fama
484 987 573 1041 per
613 982 783 1025 totum
814 970 1197 1044 propemodum
1238 982 1339 1024 ter-

183 1067 354 1104 rarum
417 1046 598 1103 orbem
673 1047 789 1103 tulit
811 1092 828 1118 ‚
925 1067 1078 1122 quam
1146 1050 1338 1101 teterri-

185 1146 294 1182 mas
352 1124 547 1181 infidias
621 1125 954 1181 celeberrimo
1015 1124 1338 1199 Philosopho

183 1206 452 1259 struxerint
515 1204 777 1259 adversarii
808 1248 825 1274 ‚
922 1204 1169 1279 quibusve
1236 1203 1336 1257 cia-

159 1283 417 1349 ¹moribus
508 1301 565 1337 ac
663 1282 940 1337 verborum
1026 1280 1338 1336 illusionibus

185 1361 310 1417 huic
341 1358 684 1434 Philosophiae
723 1361 954 1415 atheismi
983 1358 1147 1415 labem
1180 1360 1339 1432 asper-

185 1459 305 1513 gere
347 1441 518 1493 conati
568 1436 768 1493 fuerint.
887 1435 990 1493 His
1033 1457 1138 1492 non
1191 1437 1340 1491 suffe-

187 1532 321 1573 cetat
366 1519 571 1589 privatis
623 1515 920 1571 consuluisse
964 1515 1111 1571 rebus
1143 1557 1160 1584 ‚
1254 1515 1339 1569 sed

185 1594 462 1651 affeeiuum
496 1594 761 1648 acerbitate
791 1613 856 1648 eo
889 1612 1049 1667 usque
1100 1596 1153 1646 in
1185 1604 1341 1647 trans-

186 1675 388 1729 versum
465 1670 782 1743 agebantur,
876 1685 932 1725 ut
983 1670 1116 1745 quasi
1176 1668 1340 1724 vieto-

188 1772 268 1809 res
322 1751 431 1805 aliis
486 1748 726 1804 omnibus
780 1768 871 1822 per
926 1752 1035 1803 vim
1105 1751 1340 1820 impone-

188 1843 327 1897 rent,
396 1828 446 1881 se
478 1826 646 1881 neseio
681 1827 824 1901 quod
851 1831 1113 1899 egregium
1152 1825 1201 1880 ἃ
1235 1825 1337 1879 lau·

190 1905 353 1962 dabile
385 1903 535 1975 egisse
583 1923 755 1976 opuS‚
832 1904 958 1958 dum
993 1897 1338 1978 perieulofiffi-

189 2004 297 2042 mas
339 1981 428 2038 fibi
458 1983 705 2072 tingerent
749 1980 912 2036 theses
936 2023 954 2050 ‚
1028 1999 1150 2054 quas
1199 1979 1364 2035 alteri'

190 2064 416 2118 maxime
454 2063 617 2115 invito
661 2078 718 2113 ac
762 2062 908 2113 omni
939 2059 1102 2113 modo
1134 2053 1339 2113 easdem

191 2140 448 2195 detestanti
490 2136 581 2192 sub
612 2136 763 2191 causae
804 2133 933 2192 DEI
980 2136 1131 2192 titulo
1164 2134 1340 2191 obtru-

192 2220 368 2275 derent
388 2259 407 2288 ,
449 2290 452 2293 .
481 2213 569 2273 etfi
599 2213 794 2288 ipfimet
822 2212 1092 2274 faterentur
1128 2214 1180 2270 ἃ
1217 2231 1341 2349 1<jua-

1235 2309 1255 2347 1
1284 2309 1340 2346 re
