1408 2574
397 89 662 158 Philfsopbiae
671 96 865 148 moralis.
1104 110 1132 155 3
1145 109 1166 158 5
1175 110 1200 158 3

531 227 579 294 §.
646 237 707 296 60
717 250 763 287 α.

117 353 326 418 Inprimis
359 367 506 401 autem
530 352 822 413 scrutandum,
859 356 1091 423 quomodo
1123 358 1207 406 ad-

54 423 316 474 versitatibus
350 424 522 470 instem
546 423 796 486 praesentem
822 429 884 472 uti
909 426 1038 474 liceat
1069 428 1206 476 veluti

57 493 217 543 mediis
236 491 289 540 ad
310 493 438 540 finem
461 493 732 542 ducentibus,
782 494 1208 561 Adtaliaquiatten-

55 563 144 613 dit:
176 580 222 610 re
245 559 333 624 ipsa
366 561 542 613 tandem
578 563 838 627 experietur,
871 569 1019 611 Deum
1043 566 1208 616 sestius

54 628 191 690 nosse,
213 646 412 696 quaenam
436 629 566 678 nobis
586 631 842 679 conducant.
909 633 1121 682 Habenda
1135 636 1207 683 ni-

48 701 223 749 mirum
247 697 358 745 ratio
380 697 462 756 est,
498 715 590 745 non
602 699 742 748 modo
770 699 1016 765 praesentis,
1050 721 1207 752 verum

52 770 189 819 ,etiam
211 766 367 825 futuri,
399 764 447 813 ὃ(
467 765 711 816 scrutandus
737 785 873 817 nexus
894 769 1009 817 inter
1023 772 1208 835 praesens

55 853 184 903 atque
203 836 413 884 futurum.
484 836 626 885 Porro
639 836 692 884 de
707 836 845 901 specie
856 837 1117 888 adverfitatis
1139 841 1208 905 ju·

55 906 222 953 dicium
251 904 339 952 fieri
375 920 452 965 par
485 904 573 970 est,
613 922 697 971 qua
723 912 840 955 Deus
878 907 1013 955 utitur
1035 910 1087 957 ad
1112 911 1207 957 ani·

57 991 185 1023 mum
214 972 507 1026 flestendum:
545 992 649 1021 nam
673 975 719 1021 in
745 974 816 1022 his
838 993 1014 1040 quoque
1033 977 1209 1041 sapien-

57 1043 129 1091 tiae
152 1059 279 1109 atque
304 1040 507 1092 bonitatis
530 1042 690 1090 divinae
716 1044 892 1108 vestigia
919 1044 1101 1095 radiant.

508 1201 556 1271 §·
626 1210 742 1265 673.

125 1348 210 1414 Qi
234 1346 434 1395 fiduciam
452 1345 498 1393 in
526 1351 624 1396 Deo
649 1345 855 1407 collocat,
870 1350 1107 1414 tranquillo
1120 1352 1211 1400 ani·

57 1437 137 1467 mo
161 1423 329 1467 bonum
352 1431 581 1463 venturum
602 1416 816 1477 expestat,
837 1418 1001 1465 etiamsi
1024 1437 1115 1467 non
1129 1439 1211 1483 ap-

54 1504 218 1552 pareat,
242 1484 358 1532 unde
380 1501 614 1531 venturum
630 1485 678 1531 sit
691 1483 763 1549 (§.
779 1485 940 1549 668.):
970 1489 1211 1550 impatien-

55 1558 117 1605 tia
146 1573 250 1620 ergo
274 1555 320 1600 in
342 1553 472 1601 rebus
493 1552 676 1602 adverfis
697 1551 1096 1605 defestumfiduciae
1110 1576 1211 1624 erga

57 1630 202 1675 Deum
221 1622 379 1687 arguit.

530 1779 577 1846 §⁸
648 1787 759 1847 674·
846 1819 880 1864 J

22 1983 26 1996 ἢ
131 1927 369 1995 Qloniam
399 1939 545 1972 tamen
579 1924 794 1987 patientiae
822 1938 978 1986 praeter
1009 1920 1210 1969 fiduciam

58 2015 160 2062 erga
185 2003 329 2045 Deum
360 1993 454 2041 aliae
485 1992 629 2041 adhuc
656 1990 737 2040 esse
772 1988 947 2055 poffunt
967 1989 1097 2038 causae
1137 1989 1210 2054 (ᾗ.

62 2083 177 2131 505.
196 2064 243 2112 ὅ(
258 2063 399 2130 sqq.):
432 2062 583 2110 eadem
615 2061 669 2109 de
687 2061 946 2125 fiduciaerga
960 2064 1102 2106 Deum
1120 2058 1209 2105 mi-

59 2136 183 2184 nime
203 2134 398 2191 testatur,
434 2132 512 2179 nifi
535 2129 611 2178 ubi
631 2130 883 2192 patientiam
910 2147 960 2177 ex
978 2126 1206 2175 attributo-

63 2222 165 2252 rum
195 2202 450 2250 divinorum
482 2198 767 2246 trutinatione
802 2197 1034 2260 provenire
1072 2211 1210 2243 certus

60 2273 130 2326 fis.
292 2277 294 2281 '
332 2301 334 2303 -
474 2281 477 2283 ’

124 2342 190 2405 (Ρ.
210 2342 266 2395 11.
288 2334 787 2402 Thum.1nst.Pbil.Pr,)
903 2339 936 2382 Z
1038 2331 1156 2400 §.67
1168 2346 1208 2391 5.
