1408 2574
458 62 664 110 BRAEF
686 62 891 111 ATIO.

97 188 134 246 fi
165 207 218 243 re
247 187 380 244 bene
425 188 558 260 gesta
601 187 939 260 gloriarentur
960 225 978 253 ,
1034 181 1264 239 thefibue

99 268 202 322 istis
237 265 392 321 allatis
435 265 659 336 Systema
707 262 1014 336 Philosophi
1045 266 1098 317 in
1131 280 1289 316 con-·

99 343 462 400 tradidiionum
505 344 663 399 chaos
699 344 1044 415 degenerare,
1113 338 1258 416 quod

99 423 217 478 alias
257 422 607 495 pulcherrimo
635 423 879 479 consensu
911 422 1154 479 omnium
1183 418 1258 475 se-

96 502 149 556 se
188 503 531 557 commendat.

207 647 285 705 Ut
316 651 485 724 itaque
505 665 681 704 coram
713 651 955 703 omnium
976 648 1028 704 δι
1059 650 1263 723 aequati-

96 729 162 782 tis
207 728 260 782 ἃ
291 731 513 783 veritatis
544 729 827 782 amantium
857 727 1132 800 conspectu
1164 729 1262 780 ini-

94 807 337 878 quiffimae
401 806 721 875 ejuscemodi
783 808 1149 878 imputationes
1204 802 1264 860 fi-

96 884 374 955 sterentur‚
435 904 531 939 nec
565 903 742 938 earum
783 882 1037 939 illecebris
1060 927 1077 952 ‚
1137 900 1261 957 quas

97 966 229 1018 mira
269 977 373 1018 arte
418 962 540 1017 hinc
584 963 705 1018 inde
737 961 1057 1016 disseminant
1088 964 1262 1016 incau-

90 1043 132 1095 ti
165 1040 226 1096 ab
257 1045 484 1116 aequitate
515 1042 840 1110 seducantur,
873 1040 963 1095 has
985 1038 1263 1095 succinitas

93 1117 636 1176 ‘PHILOSOPHIAE
726 1116 1261 1174 WOLFIANAE

15 1269 17 1271 ι
94 1199 434 1254 institutiones
477 1198 701 1255 multum
729 1197 1023 1272 profuturas
1064 1216 1174 1254 non
1195 1214 1263 1253 ex

93 1294 227 1332 vano
249 1277 519 1351 speramus.
587 1321 590 1322 ν

219 1421 486 1501 Equidem
516 1425 578 1482 ab
613 1426 724 1502 ipso
758 1423 1083 1499 Philosopho
1126 1424 1264 1479 varia

101 1503 342 1576 prodiere
397 1506 576 1578 scripta
595 1548 612 1575 ,
685 1505 868 1580 quibus
912 1505 1264 1560 innocentiam

96 1582 241 1636 suam
281 1585 585 1656 apertissime
633 1585 998 1640 demonstravit
1019 1626 1037 1653 ,
1130 1599 1264 1655 quo-

95 1678 316 1735 rumque
348 1680 531 1733 agmen
571 1665 761 1720 merito
801 1663 994 1718 ducunt
1025 1664 1269 1716 Commen-

93 1746 225 1815 ,tatio
275 1743 516 1795 luculenta
569 1742 635 1795 de
673 1742 958 1796 differentia
990 1758 1152 1796 nexus
1185 1757 1265 1794 re-

101 1816 218 1873 rum
247 1817 481 1891 {apientis
503 1819 554 1874 ἃ
575 1818 736 1875 fatalis
755 1820 1051 1875 necessitatis
1075 1861 1092 1887 ‚
1169 1834 1265 1872 nec

99 1914 224 1952 non-
253 1895 543 1968 Systematis
586 1896 887 1954 Harmoniae
940 1895 1263 1971 praestabiIitae

100 1975 153 2030 ἃ
176 1972 558 2050 Hypothefium
585 1974 839 2051 Spinosae,
884 1980 1111 2050 itemque
1148 1978 1263 2029 Mo-

98 2058 254 2109 nitum
275 2097 292 2125 ‚
362 2056 506 2130 quod
545 2056 609 2110 ad
648 2057 794 2112 istam
847 2052 1266 2112 Commentatio-

99 2151 222 2187 nem
252 2133 467 2202 adjecit:
522 2137 791 2192 enimvero
825 2154 945 2190 cum
977 2137 1032 2188 in
1075 2132 1261 2188 iisdem

98 2209 314 2284 plurima
371 2231 436 2267 ex
484 2213 576 2269 suo
637 2211 917 2286 Systemate
980 2212 1264 2286 supponat,

98 2287 343 2346 omnibus
403 2295 655 2368 praecipue
743 2292 1006 2353 idiomatis
1065 2306 1263 2365 germa-

699 2373 774 2448 >(
809 2389 850 2446 4
948 2392 950 2396 '
1160 2368 1267 2427 uici
