1408 2574
255 101 353 144 400
618 128 620 132 ,
643 97 990 134 1NS'r1'rUT10NEs

252 226 339 271 qua
362 205 638 270 adimplevit,
660 202 856 253 frustulis
878 198 985 261 cerc‘e
1009 198 1259 274 Hispanicae
1278 214 1381 277 inje-

252 276 330 324 &is
352 277 393 322 &
415 271 628 337 operculo
663 276 829 336 optime
864 279 1086 323 munitum
1118 294 1246 342 atque
1279 281 1380 327 orbi

251 345 389 409 plano
410 339 588 388 affixum
612 356 698 404 ope
710 342 922 389 machinae
937 341 1136 391 celeriter
1157 347 1204 392 in
1223 345 1380 394 orb-am

250 415 353 471 egit.
422 412 537 455 Cum
562 405 727 454 fundus
743 406 846 455 effet
869 408 1040 473 planus,
1062 408 1250 460 frustula
1267 429 1379 462 cerae

249 475 399 525 versus
411 476 710 542 peripheriam
721 475 997 523 recedebant.
1055 476 1287 542 Postquam
1301 484 1379 544 igi-

249 561 323 593 tur
346 562 458 608 ¹etqua
475 557 650 591 motum
669 543 930 591 circularem
953 541 1100 591 fuerat
1119 545 1378 604 nasta,subi-

249 630 296 662 to
318 627 491 660 motum
515 612 714 658 cohibuit
732 612 855 656 vitri:
894 628 983 674 quo
1005 608 1146 671 fasto,
1166 631 1277 677 aqua
1298 619 1379 662 cir-

249 679 493 729 culationes
522 675 614 725 suas
647 681 905 724 continuans
941 674 1126 725 frustula
1159 697 1266 727 cerae
1294 685 1377 730 Hi-

246 746 430 814 spanicae
463 742 612 792 versus
656 761 857 793 centrum
901 741 1031 790 fundi
1075 747 1376 812 propellabat‚

246 816 412 864 ibidem
434 816 480 860 in
501 809 886 877 Haemisphaerium
917 828 1074 859 cavum
1101 808 1377 877 congr-egara,

245 881 430 933 frustula
463 898 570 929 cerae
602 876 848 944 Hispanicae
871 881 1098 927 materiam
1125 897 1301 943 gravem
1325 883 1379 929 ad

245 968 423 1001 motum
459 965 581 1012 aeque
616 947 806 994 celerem
838 950 1040 1012 ineptam
1061 984 1073 1005 ,
1126 965 1238 1013 aqua
1269 966 1379 997 vero

245 1021 474 1071 materiam
526 1014 777 1075 gravificam
820 1028 954 1064 motu'
996 1013 1129 1065 celeri
1175 1018 1376 1079 agitatam

246 1082 538 1152 repraesentat.

743 1197 779 1255 §-
818 1202 880 1257 58-

311 1310 480 1383 Quodsi
501 1311 680 1357 materia
703 1307 909 1370 gravifica
924 1325 1033 1367 eam,
1045 1325 1178 1374 quam
1192 1327 1372 1373 gravem

242 1383 386 1440 efficit,
397 1376 544 1428 versus
559 1393 757 1425 centrum
771 1375 969 1433 Telluris
982 1378 1234 1442 propellet-e
1246 1380 1374 1441 debet

241 1457 289 1502 vi
309 1449 596 1515 experimenti
625 1446 880 1505 Hugeniani
902 1448 1092 1506 (§.57.),
1125 1449 1171 1492 in
1193 1448 1371 1494 circulis

240 1532 469 1569 moveatur
484 1511 647 1561 neceffe
667 1512 738 1569 est,
750 1529 843 1575 quae
855 1528 936 1574 per
958 1526 1160 1559 centrum
1170 1514 1371 1563 Telluris

240 1583 474 1640 transeunt,
496 1583 581 1627 hoc
592 1579 667 1635 est„
683 1594 732 1626 ut
754 1596 857 1625 cum
868 1578 1192 1628 Mathematicis
1215 1581 1366 1645 loqua-

238 1671 364 1710 mur,
392 1656 438 1699 in
451 1647 634 1703 ‚circulis
655 1643 833 1711 sphaerae
856 1649 1075 1693 maximis:
1123 1651 1200 1712 qui
1218 1665 1368 1696 motus

239 1719 470 1785 quomodo
492 1719 539 1762 in
551 1713 700 1761 eadem
727 1710 972 1760 conservari
989 1712 1130 1778 possit,
1142 1733 1260 1763 nunc
1272 1733 1363 1762 non

238 1790 545 1852 disquiremUS.
585 1779 754 1828 Sufficit
775 1776 916 1827 causas
937 1785 1161 1845 proximas
1173 1780 1361 1845 agnosci,

239 1855 312 1903 etfi
333 1855 492 1902 lateant
511 1852 787 1896 remotiores.

723 1981 764 2045 §·
792 1998 864 2046 59·

299 2100 505 2163 Denique
537 2097 580 2144 &
610 2095 834 2144 elasticitas
863 2097 1052 2143 materiae
1085 2093 1258 2143 cuidam
1291 2095 1357 2143 in-

230 2164 463 2213 tei-labenti
498 2180 704 2228 tanquam
754 2163 883 2212 causae
927 2163 1170 2211 tribuenda.
1255 2165 1354 2209 Ete-

228 2235 324 2281 nim
360 2249 522 2298 corpus
555 2248 651 2280 tum
687 2232 867 2280 demum
901 2229 1054 2280 exserit
1091 2235 1183 2280 vim
1218 2227 1354 2276 elasti-

1240 2312 1353 2350 cam,
1400 2313 1406 2329 f
