1408 2574
369 99 642 166 Philosophia
662 99 853 150 moralis.
1119 114 1179 164 30
1188 115 1211 153 ι

62 205 245 271 aliisque
270 202 392 251 suum
417 204 471 251 de
490 202 582 250 illis
603 201 818 266 judicium
840 200 1001 268 probat
1020 201 1218 264 βξὶίδιιες

62 275 99 323 is
118 275 305 324 alterum
321 272 568 338 ignominia
588 271 731 322 afficit.

159 482 551 545 Quemadmodum
576 483 721 548 itaque
744 480 889 530 homo
913 500 1112 533 meretur
1123 483 1218 532 ho·

65 570 221 603 norem
236 589 248 610 ,
271 568 483 618 quatenus
500 551 540 600 se
555 552 752 615 aliosque
773 551 940 614 perficit
960 571 1010 600 ac
1023 553 1220 617 gloriam

63 622 267 672 Numinis
281 621 462 669 illustrat
476 620 542 687 (§.
560 640 633 683 50.
648 621 761 669 Phil.
776 637 845 683 pr.
857 619 956 683 un.)
970 641 982 678 ;
1014 623 1070 669 ita
1089 623 1220 689 igno·

65 691 201 740 minia
217 690 373 756 dignus
385 690 441 737 est
451 726 466 750 ‚
491 705 701 758 qnatenus
723 689 837 738 vitio
860 690 1031 740 deditus
1055 692 1122 759 (§.
1139 707 1222 756 57.

67 762 253 826 I’bil0pr.
262 759 427 825 univ.)-

133 978 380 1029 Plurimum
404 978 482 1027 hic
513 894 856 1027 h§‹im‘irie7s⁰dant
878 978 1115 1055 opinioni,
1153 978 1227 1030 sed
1278 991 1284 994 ”

67 1067 119 1098 ex
142 1047 331 1096 honoris
349 1046 418 1123 (§·.
433 1066 515 1111 73.
531 1055 636 1115 Jur.
652 1049 868 1111 natural)
892 1045 974 1095 ὅ(
961 1049 1224 1112 lgnominiae

65 1117 270 1241 ξὲἱᾶζῖό
259 1119 298 1183 )
326 1116 509 1165 notione
535 1133 580 1166 in
604 1115 708 1164 dato
739 1116 939 1181 quolibet
967 1117 1063 1166 casu
1086 1116 1225 1168 refel-

535 1251 583 1320 ἕ·
620 1269 737 1316 450·

130 1381 222 1449 Qi
240 1377 365 1429 alteri
378 1376 532 1426 tribuit
549 1376 926 1443 imperfestiones‚
949 1380 1109 1448 quibus
1128 1398 1224 1434 non

70 1449 288 1500 obnoxius
298 1447 380 1507 est,
401 1464 507 1497 eum
529 1450 831 1501 calumniatur.

524 1569 572 1639 §-
638 1587 759 1636 451·

170 1664 288 1708 Cum
309 1656 566 1721 ignominiae
590 1655 714 1705 locus
741 1672 832 1704 non
856 1655 932 1717 fit,
956 1656 984 1703 ss
1009 1656 1227 1722 imperfe-

73 1728 234 1777 stionis
254 1727 407 1775 nostrae
429 1724 549 1773 cansa
561 1742 657 1772 non
669 1724 816 1773 sumus
840 1724 895 1793 (§
921 1729 1091 1789 446.);
1128 1729 1229 1777 for-

71 1814 176 1845 tuna
199 1794 371 1844 adversa
394 1793 651 1860 ignominiae
683 1810 775 1840 non
798 1793 865 1859 est(
916 1794 996 1842 nisi
1018 1812 1231 1859 quatenus

72 1865 270 1927 ejusdem
304 1864 475 1926 ipsimet
500 1862 612 1910 fabri
648 1860 810 1911 sumus.
857 1876 868 1888 ’·
924 1879 981 1910 on
1007 1863 1097 1927 ipsa
1128 1863 1229 1914 for..

72 1949 176 1983 tuna
192 1932 395 1999 adversa3
420 1930 491 1981 sed
506 1929 703 1997 ejusdem
727 1929 847 1979 causa
869 1931 1129 1998 ignominiae
1147 1930 1231 1985 effi

0 1996 7 2012 ‘
71 2004 225 2067 potest.

517 2070 577 2139 §
645 2085 755 2132 452·

64 2236 69 2238 ,
141 2196 311 2246 Eodem
332 2196 473 2245 modo
493 2195 782 2263 intelligitur
804 2193 1056 2264 fieripossb,
1079 2199 1228 2262 utipsa

74 2263 208 2317 etiam
253 2265 371 2317 bona
408 2266 598 2343 fortunae
637 2262 895 2344 ignominiae
934 2267 1017 2318 fint
1034 2305 1053 2330 ,
1119 2286 1234 2333 qua-

1102 2351 1229 2387 tenus
