1408 2574
308 100 580 144 'rm-:otofflffi
600 108 875 143 ΝΑΤυῑιΑωε,
1081 106 1163 158 233

13 236 135 282 jrum
155 218 273 280 leges
301 217 654 280 logico-morales
674 217 737 280 (§.
751 231 824 280 77.
840 230 937 279 140.
957 218 1106 280 Psych.
1117 223 1158 278 ).

35 286 120 335 Sed
142 287 207 335 ob‘
220 287 503 335 limitationes
514 285 701 335 effentiae
722 284 817 332 fieri
828 282 1034 348 potest,ut
1047 302 1164 332 crea-

13 351 133 401 ‘tura
150 356 268 419 juxta
294 352 392 400 illas
414 355 587 416 regulas
611 370 799 417 operans
835 371 858 398 a
878 353 973 400 veri
986 354 1166 400 tramite

35 420 248 482 defleant,
267 421 395 485 eujus
427 426 494 471 rei
514 420 772 489 exemplum
792 420 928 469 modo
965 419 1166 470 dedimus

9 491 12 541 ἐ
33 491 89 552 (§.
113 493 241 556 γα).
526 564 564 617 §.
607 573 678 624 72·

100 627 326 691 Quoniam
338 641 486 674 tamen
496 631 620 675 Deus
635 639 880 683 creaturam
896 639 1014 673 creat
1036 638 1166 688 atque

4 709 7 745 ἐ
31 691 328 752 conservat(§.
343 698 411 756 65.
427 697 502 756 67.
518 694 551 758 )‚
579 713 675 760 quae
696 694 755 742 ob
772 693 1059 751 limitationes·
1083 694 1169 739 ori-

0 760 5 822 i,
32 761 200 824 ginales
214 760 402 810 effentiae
424 764 543 827 juxta
556 763 675 825 leges
687 777 851 810 naturae
864 761 972 809 latas
997 762 1167 811 aberrat

33 833 159 895 (9171.
172 833 221 891 ).;
245 830 367 895 quod
387 824 563 881 malum¹
573 832 802 900 permittat
829 846 964 897 patet.

99 1032 223 1078 Deus
247 1030 467 1078 mundum
491 1030 612 1080 hunc
632 1031 776 1091 elegit,
790 1045 1030 1095 propterea
1047 1033 1170 1090 quod

22 1101 255 1164 optimus,
276 1099 363 1146 hoc
383 1096 457 1158 est,
470 1097 570 1159 fini,
593 1097 650 1148 ob
671 1116 806 1164 quem
830 1100 1022 1146 eundem
1048 1096 1169 1158 fecit,

33 1165 469 1215 convenientiffimus
496 1170 675 1232 (§.39.).
711 1168 993 1231 Experientia
1018 1183 1172 1216 autem

34 1234 258 1298 loquitur,
295 1234 391 1283 dari
409 1238 455 1283 in
475 1235 562 1284 hoc
583 1233 754 1282 mundo
779 1236 912 1284 etiam
932 1234 1045 1282 maia
1078 1251 1171 1282 tam

36 1300 375 1368 phyfica,quam
398 1304 593 1353 moralia.
633 1302 768 1352 Unde
790 1298 1074 1370 perspicuum
1097 1303 1171 1363 est,

32 1371 80 1417 in
103 1372 278 1434 optimo
297 1373 429 1418 etiam
452 1371 638 1429 mundo,
663 1374 742 1434 qui
763 1368 925 1418 scilicet
948 1374 994 1419 in
1016 1374 1172 1420 ceteris

35 1435 115 1502 fini
134 1455 158 1485 a
181 1442 279 1486 Deo
306 1441 485 1491 intento
508 1441 862 1496 convenientior,
884 1455 1015 1501 quam
1049 1439 1173 1497 alius,

32 1504 162 1553 malis
195 1506 387 1571 physicis
411 1523 542 1572 atque
564 1505 809 1555 moralibus
831 1506 981 1555 locum
995 1505 1099 1554 effe:
1121 1524 1172 1556 ut

34 1571 150 1622 adeo
186 1577 310 1622 Deus
331 1576 446 1625 mala
476 1577 727 1641 permittat,
751 1591 962 1638 quatenus
995 1577 1043 1623 in
1075 1576 1174 1623 idea

35 1640 480 1705 mundi‚cete1·oquin
505 1646 669 1709 optimi
696 1643 1002 1691 includuntur.
1068 1646 1170 1691 Per-

38 1709 280 1822 mittituntur
300 1710 415 1760 maia
425 1711 507 1760 ha'c
527 1714 714 1770 ratione,
725 1728 781 1761 ne
802 1709 977 1760 bonum
990 1727 1074 1759 una
1091 1712 1175 1760 im·

34 1791 94 1842 pe
127 1791 251 1825 iatur.

536 1848 572 1903 ς.
602 1858 679 1908 74·

108 1957 276 2024 Qodfi
300 1958 431 2016 diem,
449 1975 583 2007 eccur
604 1962 729 2007 Deus
753 1977 846 2008 non
880 1976 962 2027 per
985 1961 1173 2010 miracu·

39 2027 135 2075 lum
155 2027 368 2091 impediat
392 2027 530 2083 mala'3
563 2027 673 2076 haut
705 2025 894 2078 difficilis
914 2026 974 2075 est
993 2026 1176 2096 respon-

38 2092 112 2143 fio.
181 2097 298 2141 Cum
322 2096 444 2142 enim
466 2095 579 2142 mala
601 2113 653 2143 ex
684 2095 1021 2146 limitationibus
1042 2094 1175 2145 effen-

40 2162 202 2209 tiarum
235 2158 450 2211 resultent
484 2164 700 2228 (§.70.)·‚
735 2163 765 2213 fi
800 2167 923 2212 Deus
959 2181 1176 2213 creaturas

42 2230 281 2298 producit,
318 2233 580 2297 permittere
616 2233 770 2299 utique
805 2230 959 2294 debet,
993 2249 1089 2300 quae
1119 2231 1172 2280 ab

572 2301 605 2346 P
640 2315 663 2363 ς
1072 2299 1178 2367 ipfis
1251 2333 1257 2338 -
