1408 2574
200 38 300 115 42²4
604 50 966 102 'INSTITUTloNES

696 178 737 241 §.
769 195 849 226 110.

267 293 333 338 Ex
347 303 475 337 motu
493 288 626 340 etiam
641 293 913 342 macularum
926 293 1123 341 innotuit
1149 289 1341 341 astrono-
1357 324 1365 326 e
1383 332 1405 337 .,

202 362 286 408 mis
301 396 311 415 ‚
337 363 582 415 Venerem,
619 364 815 409 Martem
831 363 878 418 &A
892 366 1050 426 Jovem
1074 376 1191 408 certo
1213 362 1341 407 hora-

199 443 312 494 num
336 428 572 489 intervallo
610 431 721 476 circa
753 447 876 478 axem
920 432 1157 495 proprium
1215 443 1342 476 motu

199 496 432 555 vertiginis
444 500 608 545 rotarit
629 501 679 544 ut
694 497 818 545 'idem
838 497 892 544 de
902 497 1150 544 Saturno&
1164 498 1344 544 Mercu-

201 564 272 608 rio
305 560 465 612 inferri
493 565 693 626 analogia
725 562 931 613 suadeat<
975 568 1220 618 Enimvero
1242 580 1345 610 cum

203 647 360 677 omnes
383 631 451 678 isti
471 634 656 698 pla'ne'tae
687 633 771 680 {int
800 639 989 698 corpora
1009 633 1159 681 telluri
1183 631 1347 678 {imilli-

201 707 274 746 m'a
306 714 438 763 atque
469 703 521 750 ad
551 703 668 760 idem
692 717 831 761 genus
853 719 956 749 cum
974 701 1132 748 iisdem
1151 698 1346 747 referan-
1405 723 1408 726 ·

204 782 279 815 tur
292 767 488 829 (§.94.);
516 766 642 824 milla
664 785 848 835 apparet
870 772 998 824 ratio,
1010 786 1105 833 quae
1123 767 1349 833 impediat,

204 852 298 898 quo
319 839 469 884 minus
491 838 541 885 δι’
555 840 599 884 vi
613 840 883 898 argumentis
894 836 1167 897 abanalogia
1181 831 1361 882 desum-⁵

201 907 239 950 ti
258 900 479 953 inferatur
491 944 501 964 ,
537 905 775 952 Tellurem
791 923 971 970 quoque
983 920 1110 952 motu
1123 904 1350 965 vertiginis

126 966 133 975 ’
203 972 440 1021 intervallo
492 990 567 1031 24.
586 974 801 1020 horarum
824 973 881 1020 ab
934 971 1087 1021 occasu
1107 968 1255 1019 versus
1278 987 1347 1017 or-

203 1053 303 1089 tum
328 1042 634 1099 circumvolvi,
646 1057 696 1088 ut
707 1042 868 1088 ccclum
883 1058 985 1099 cum
998 1043 1122 1088 omni
1138 1037 1215 1087 suo
1228 1054 1348 1086 exer-

204 1108 297 1154 citu
318 1112 536 1156 contraria
562 1113 735 1163 ratione
757 1108 808 1155 ab
831 1125 936 1157 ortu
966 1112 1013 1156 in
1042 1104 1349 1171 occasurncir-¹

206 1175 434 1223 cumvolvi
459 1176 683 1240 videatur,
717 1174 1035 1240 consequenter
1056 1174 1244 1223 eandem
1256 1191 1351 1220 mo·

205 1259 257 1305 tu
279 1258 460 1308 quoque
484 1262 633 1291 annuo
653 1247 703 1295 in
726 1244 870 1292 orbita
893 1245 1081 1309 quadam
1104 1242 1236 1289 instar
1253 1238 1353 1302 ,Pla-

206 1325 415 1377 netarum
436 1327 690 1360 ceterorum
712 1315 782 1373 (§·
809 1327 902 1372 107.
922 1312 1042 1376 109.)
1067 1314 1179 1359 circa
1203 1307 1367 1376 Solem.

209 1377 404 1438 revolvi,
436 1395 486 1427 ut
506 1381 638 1439 nobis
663 1379 813 1427 Solem
834 1397 963 1430 motu
983 1395 1134 1429 annuo
1156 1376 1251 1426 ecch
1267 1391 1356 1440 ,amss

210 1445 357 1496 bitum
375 1450 612 1497 circumire
641 1447 854 1497 videatur.
915 1476 918 1480 ›

714 1615 758 1673 5.
792 1627 859 1661 111.

281 1753 442 1798 Motus
465 1750 696 1810 vertiginis
721 1747 920 1795 Telluris
945 1741 1174 1792 manifesta
1198 1745 1361 1792 indicia

216 1818 369 1883 prodit
391 1819 629 1864 imminuta
662 1833 809 1880 prope
845 1828 1118 1876 aequatorem
1154 1815 1358 1874 gravitas.

220 1885 400 1933 Constat
422 1887 540 1931 enim
565 1884 837 1949 pendulum,
871 1881 995 1944 quod
1026 1879 1193 1927 Parisiis
1227 1882 1361 1927 inter-

218 1953 336 2001 vallo
356 1954 486 1999 unius
517 1947 715 2018 scrupuli
743 1948 923 1999 secundi
954 1952 1188 1997 circuitum
1224 1945 1362 1994 absol·

219 2022 310 2075 vit,
345 2037 490 2085 prope
510 2035 780 2084 aequatorem
802 2018 967 2065 tardius
1001 2018 1175 2063 moveri
1197 2054 1208 2074 ‚
1257 2024 1378 2061 c'on-·

221 2084 455 2150 sequenter
493 2086 617 2147 globi
664 2090 923 2148 gravitatem
947 2085 1157 2131 imminui
1208 2081 1370 2130 eadem

223 2170 431 2202 manente
454 2152 518 2201 fili
536 2155 832 2216 longitudine.
900 2156 1001 2217 jam
1056 2148 1241 2199 admisto
1269 2166 1362 2197 rno-

226 2236 277 2270 tu
298 2224 526 2286 vertiginis
578 2224 779 2273 Telluris
800 2223 982 2274 materia
1003 2219 1058 2269 acl
1077 2235 1175 2269 eam
1229 2219 1361 2283 perti-

379 2318 384 2323 ·
755 2318 757 2321 <
1252 2300 1366 2334 nene
