<?xml version="1.0" encoding="UTF-8"?>
<!DOCTYPE html PUBLIC "-//W3C//DTD XHTML 1.0 Transitional//EN"
    "http://www.w3.org/TR/xhtml1/DTD/xhtml1-transitional.dtd">
<html xmlns="http://www.w3.org/1999/xhtml" xml:lang="en" lang="en">
 <head>
  <title>
</title>
<meta http-equiv="Content-Type" content="text/html;charset=utf-8" />
  <meta name='ocr-system' content='tesseract 3.04.00' />
  <meta name='ocr-capabilities' content='ocr_page ocr_carea ocr_par ocr_line ocrx_word'/>
</head>
<body>
  <div class='ocr_page' id='page_1' title='image "./institutionesphi00th_0808.png"; bbox 0 0 1408 2574; ppageno 0'>
   <div class='ocr_carea' id='block_1_1' title="bbox 230 86 958 152">
    <p class='ocr_par' dir='ltr' id='par_1_1' title="bbox 230 86 958 152">
     <span class='ocr_line' id='line_1_1' title="bbox 230 86 958 152; baseline -0.003 -16"><span class='ocrx_word' id='word_1_1' title='bbox 230 101 332 151; x_wconf 78' lang='lat'>274</span> <span class='ocrx_word' id='word_1_2' title='bbox 680 86 958 152; x_wconf 66' lang='lat' dir='ltr'>Institutiones</span> 
     </span>
    </p>
   </div>
   <div class='ocr_carea' id='block_1_2' title="bbox 210 175 1379 1132">
    <p class='ocr_par' dir='ltr' id='par_1_2' title="bbox 210 175 1378 1132">
     <span class='ocr_line' id='line_1_2' title="bbox 230 175 1378 244; baseline -0.002 -14"><span class='ocrx_word' id='word_1_3' title='bbox 230 177 549 229; x_wconf 84' lang='lat' dir='ltr'>conferendum</span> <span class='ocrx_word' id='word_1_4' title='bbox 571 175 628 223; x_wconf 88' lang='lat' dir='ltr'>est</span> <span class='ocrx_word' id='word_1_5' title='bbox 645 194 746 225; x_wconf 88' lang='lat' dir='ltr'>cum</span> <span class='ocrx_word' id='word_1_6' title='bbox 775 179 921 238; x_wconf 81' lang='lat' dir='ltr'>taedio,</span> <span class='ocrx_word' id='word_1_7' title='bbox 944 178 1063 244; x_wconf 85' lang='lat' dir='ltr'>quod</span> <span class='ocrx_word' id='word_1_8' title='bbox 1086 179 1188 232; x_wconf 88' lang='lat' dir='ltr'>inde</span> <span class='ocrx_word' id='word_1_9' title='bbox 1201 199 1378 233; x_wconf 77' lang='lat' dir='ltr'>enatum</span> 
     </span>
     <span class='ocr_line' id='line_1_3' title="bbox 229 248 1378 325; baseline 0.003 -28"><span class='ocrx_word' id='word_1_10' title='bbox 229 252 305 297; x_wconf 88' lang='lat' dir='ltr'>diu</span> <span class='ocrx_word' id='word_1_11' title='bbox 321 248 602 325; x_wconf 60' lang='lat' dir='ltr'>inultumque</span> <span class='ocrx_word' id='word_1_12' title='bbox 619 248 844 302; x_wconf 82' lang='lat' dir='ltr'>excruciat</span> <span class='ocrx_word' id='word_1_13' title='bbox 859 249 1162 325; x_wconf 81' lang='lat' dir='ltr'>Perpendenda</span> <span class='ocrx_word' id='word_1_14' title='bbox 1173 267 1307 314; x_wconf 86' lang='lat' dir='ltr'>porro</span> <span class='ocrx_word' id='word_1_15' title='bbox 1320 253 1378 301; x_wconf 76' lang='lat' dir='ltr'>est</span> 
     </span>
     <span class='ocr_line' id='line_1_4' title="bbox 227 312 1379 381; baseline 0.002 -16"><span class='ocrx_word' id='word_1_16' title='bbox 227 317 421 374; x_wconf 80' lang='lat' dir='ltr'>vanitas,</span> <span class='ocrx_word' id='word_1_17' title='bbox 459 332 555 380; x_wconf 77' lang='lat' dir='ltr'>quae</span> <span class='ocrx_word' id='word_1_18' title='bbox 574 312 787 377; x_wconf 82' lang='lat' dir='ltr'>voluptati</span> <span class='ocrx_word' id='word_1_19' title='bbox 819 316 937 363; x_wconf 87' lang='lat' dir='ltr'>hoc</span> <span class='ocrx_word' id='word_1_20' title='bbox 925 332 971 364; x_wconf 81' lang='lat' dir='ltr'>in</span> <span class='ocrx_word' id='word_1_21' title='bbox 992 333 1150 381; x_wconf 84' lang='lat' dir='ltr'>genere</span> <span class='ocrx_word' id='word_1_22' title='bbox 1157 320 1379 369; x_wconf 82' lang='lat' dir='ltr'>admisce</span> 
     </span>
     <span class='ocr_line' id='line_1_5' title="bbox 227 352 1377 449; baseline 0.004 -17"><span class='ocrx_word' id='word_1_23' title='bbox 227 404 326 445; x_wconf 77' lang='lat' dir='ltr'>tur,</span> <span class='ocrx_word' id='word_1_24' title='bbox 349 352 485 432; x_wconf 80' lang='lat' dir='ltr'>veluti</span> <span class='ocrx_word' id='word_1_25' title='bbox 510 399 611 429; x_wconf 91' lang='lat' dir='ltr'>cum</span> <span class='ocrx_word' id='word_1_26' title='bbox 638 401 688 429; x_wconf 85' lang='lat' dir='ltr'>ex</span> <span class='ocrx_word' id='word_1_27' title='bbox 717 381 905 445; x_wconf 84' lang='lat' dir='ltr'>partium</span> <span class='ocrx_word' id='word_1_28' title='bbox 940 387 1208 449; x_wconf 82' lang='lat' dir='ltr'>quarundam</span> <span class='ocrx_word' id='word_1_29' title='bbox 1231 405 1377 437; x_wconf 85' lang='lat' dir='ltr'>conta·</span> 
     </span>
     <span class='ocr_line' id='line_1_6' title="bbox 229 448 1376 515; baseline 0.002 -13"><span class='ocrx_word' id='word_1_30' title='bbox 229 458 306 505; x_wconf 71' lang='lat' dir='ltr'>stu</span> <span class='ocrx_word' id='word_1_31' title='bbox 332 453 534 512; x_wconf 84' lang='lat' dir='ltr'>voluptas</span> <span class='ocrx_word' id='word_1_32' title='bbox 552 448 745 497; x_wconf 82' lang='lat' dir='ltr'>sentitur.</span> <span class='ocrx_word' id='word_1_33' title='bbox 810 451 1014 515; x_wconf 83' lang='lat' dir='ltr'>Inprimis</span> <span class='ocrx_word' id='word_1_34' title='bbox 1048 462 1194 503; x_wconf 85' lang='lat' dir='ltr'>autem</span> <span class='ocrx_word' id='word_1_35' title='bbox 1229 459 1376 504; x_wconf 83' lang='lat' dir='ltr'>consi-</span> 
     </span>
     <span class='ocr_line' id='line_1_7' title="bbox 226 518 1376 594; baseline -0.001 -21"><span class='ocrx_word' id='word_1_36' title='bbox 226 520 414 573; x_wconf 85' lang='lat' dir='ltr'>deranda</span> <span class='ocrx_word' id='word_1_37' title='bbox 437 518 532 567; x_wconf 89' lang='lat' dir='ltr'>sunt</span> <span class='ocrx_word' id='word_1_38' title='bbox 549 520 722 594; x_wconf 77' lang='lat' dir='ltr'>damna,</span> <span class='ocrx_word' id='word_1_39' title='bbox 746 538 796 567; x_wconf 84' lang='lat' dir='ltr'>ex</span> <span class='ocrx_word' id='word_1_40' title='bbox 811 520 995 568; x_wconf 85' lang='lat' dir='ltr'>libidine</span> <span class='ocrx_word' id='word_1_41' title='bbox 1021 521 1064 568; x_wconf 70' lang='grc' dir='ltr'>ἃ</span> <span class='ocrx_word' id='word_1_42' title='bbox 1086 524 1207 571; x_wconf 88' lang='lat' dir='ltr'>coitu</span> <span class='ocrx_word' id='word_1_43' title='bbox 1227 524 1376 573; x_wconf 85' lang='lat' dir='ltr'>libidi-</span> 
     </span>
     <span class='ocr_line' id='line_1_8' title="bbox 225 588 1376 653; baseline -0.001 -12"><span class='ocrx_word' id='word_1_44' title='bbox 225 591 335 642; x_wconf 90' lang='lat' dir='ltr'>noso</span> <span class='ocrx_word' id='word_1_45' title='bbox 359 588 643 653; x_wconf 78' lang='lat' dir='ltr'>emergentia,</span> <span class='ocrx_word' id='word_1_46' title='bbox 670 603 754 649; x_wconf 89' lang='lat' dir='ltr'>pro</span> <span class='ocrx_word' id='word_1_47' title='bbox 777 588 952 637; x_wconf 75' lang='lat' dir='ltr'>diversis</span> <span class='ocrx_word' id='word_1_48' title='bbox 965 590 1288 642; x_wconf 80' lang='lat' dir='ltr'>circumstantiis</span> <span class='ocrx_word' id='word_1_49' title='bbox 1301 593 1376 640; x_wconf 89' lang='lat' dir='ltr'>di-</span> 
     </span>
     <span class='ocr_line' id='line_1_9' title="bbox 226 654 1378 725; baseline 0.002 -18"><span class='ocrx_word' id='word_1_50' title='bbox 226 660 368 725; x_wconf 86' lang='lat' dir='ltr'>versa</span> <span class='ocrx_word' id='word_1_51' title='bbox 390 657 524 706; x_wconf 87' lang='lat' dir='ltr'>veluti</span> <span class='ocrx_word' id='word_1_52' title='bbox 549 654 644 703; x_wconf 88' lang='lat' dir='ltr'>sunt</span> <span class='ocrx_word' id='word_1_53' title='bbox 677 657 904 721; x_wconf 71' lang='lat' dir='ltr'>neglestus</span> <span class='ocrx_word' id='word_1_54' title='bbox 937 658 1219 721; x_wconf 88' lang='lat' dir='ltr'>negotiorum</span> <span class='ocrx_word' id='word_1_55' title='bbox 1246 662 1378 709; x_wconf 71' lang='lat' dir='ltr'>nobis</span> 
     </span>
     <span class='ocr_line' id='line_1_10' title="bbox 224 699 1375 793; baseline 0 -16"><span class='ocrx_word' id='word_1_56' title='bbox 224 748 310 793; x_wconf 86' lang='lat' dir='ltr'>pro</span> <span class='ocrx_word' id='word_1_57' title='bbox 334 699 431 775; x_wconf 78' lang='lat' dir='ltr'>vitae</span> <span class='ocrx_word' id='word_1_58' title='bbox 449 724 619 771; x_wconf 87' lang='lat' dir='ltr'>ratione</span> <span class='ocrx_word' id='word_1_59' title='bbox 643 723 967 787; x_wconf 85' lang='lat' dir='ltr'>obeundorum,</span> <span class='ocrx_word' id='word_1_60' title='bbox 993 722 1156 791; x_wconf 73' lang='lat' dir='ltr'>jastura</span> <span class='ocrx_word' id='word_1_61' title='bbox 1167 725 1375 790; x_wconf 83' lang='lat' dir='ltr'>sanitatis,</span> 
     </span>
     <span class='ocr_line' id='line_1_11' title="bbox 225 792 1376 856; baseline 0 -11"><span class='ocrx_word' id='word_1_62' title='bbox 225 798 343 845; x_wconf 72' lang='lat' dir='ltr'>aestus</span> <span class='ocrx_word' id='word_1_63' title='bbox 383 793 556 842; x_wconf 86' lang='lat' dir='ltr'>venerei</span> <span class='ocrx_word' id='word_1_64' title='bbox 585 793 733 839; x_wconf 72' lang='lat' dir='ltr'>lutens</span> <span class='ocrx_word' id='word_1_65' title='bbox 722 810 813 849; x_wconf 83' lang='lat' dir='ltr'>tas,</span> <span class='ocrx_word' id='word_1_66' title='bbox 849 801 989 856; x_wconf 80' lang='lat' dir='ltr'>opum</span> <span class='ocrx_word' id='word_1_67' title='bbox 1032 792 1081 841; x_wconf 73' lang='grc' dir='ltr'>ὃ(</span> <span class='ocrx_word' id='word_1_68' title='bbox 1111 793 1255 844; x_wconf 83' lang='lat' dir='ltr'>salutis</span> <span class='ocrx_word' id='word_1_69' title='bbox 1297 795 1376 846; x_wconf 83' lang='lat' dir='ltr'>sae-</span> 
     </span>
     <span class='ocr_line' id='line_1_12' title="bbox 224 860 1376 931; baseline 0 -18"><span class='ocrx_word' id='word_1_70' title='bbox 224 886 280 931; x_wconf 89' lang='lat' dir='ltr'>pe</span> <span class='ocrx_word' id='word_1_71' title='bbox 303 864 451 913; x_wconf 90' lang='lat' dir='ltr'>omnis</span> <span class='ocrx_word' id='word_1_72' title='bbox 475 860 758 924; x_wconf 84' lang='lat' dir='ltr'>dilapidatio,</span> <span class='ocrx_word' id='word_1_73' title='bbox 794 860 912 909; x_wconf 86' lang='lat' dir='ltr'>fama</span> <span class='ocrx_word' id='word_1_74' title='bbox 933 861 960 907; x_wconf 90' lang='grc' dir='ltr'>Γ</span> <span class='ocrx_word' id='word_1_75' title='bbox 962 861 1102 922; x_wconf 82' lang='lat' dir='ltr'>nistra,</span> <span class='ocrx_word' id='word_1_76' title='bbox 1126 862 1376 931; x_wconf 79' lang='lat' dir='ltr'>discordiae,</span> 
     </span>
     <span class='ocr_line' id='line_1_13' title="bbox 223 928 1374 997; baseline -0.001 -15"><span class='ocrx_word' id='word_1_77' title='bbox 223 933 450 997; x_wconf 73' lang='lat' dir='ltr'>neglestus</span> <span class='ocrx_word' id='word_1_78' title='bbox 472 929 603 977; x_wconf 85' lang='lat' dir='ltr'>foetus</span> <span class='ocrx_word' id='word_1_79' title='bbox 626 931 751 978; x_wconf 83' lang='lat' dir='ltr'>sive</span> <span class='ocrx_word' id='word_1_80' title='bbox 739 947 785 977; x_wconf 88' lang='lat' dir='ltr'>m</span> <span class='ocrx_word' id='word_1_81' title='bbox 809 946 932 977; x_wconf 85' lang='lat' dir='ltr'>utero</span> <span class='ocrx_word' id='word_1_82' title='bbox 954 928 1190 990; x_wconf 88' lang='lat' dir='ltr'>formandi,</span> <span class='ocrx_word' id='word_1_83' title='bbox 1223 934 1253 980; x_wconf 90' lang='grc' dir='ltr'>Γ</span> <span class='ocrx_word' id='word_1_84' title='bbox 1241 950 1306 982; x_wconf 90' lang='lat' dir='ltr'>ve</span> <span class='ocrx_word' id='word_1_85' title='bbox 1324 935 1374 986; x_wconf 75' lang='lat' dir='ltr'>in</span> 
     </span>
     <span class='ocr_line' id='line_1_14' title="bbox 210 997 1373 1061; baseline -0.002 -8"><span class='ocrx_word' id='word_1_86' title='bbox 210 1006 371 1061; x_wconf 79' lang='lat' dir='ltr'>lucem</span> <span class='ocrx_word' id='word_1_87' title='bbox 395 1000 502 1048; x_wconf 87' lang='lat' dir='ltr'>editi</span> <span class='ocrx_word' id='word_1_88' title='bbox 530 999 754 1059; x_wconf 88' lang='lat' dir='ltr'>educandi,</span> <span class='ocrx_word' id='word_1_89' title='bbox 776 1015 914 1060; x_wconf 85' lang='lat' dir='ltr'>poenae</span> <span class='ocrx_word' id='word_1_90' title='bbox 933 997 1079 1046; x_wconf 86' lang='lat' dir='ltr'>civiles</span> <span class='ocrx_word' id='word_1_91' title='bbox 1106 999 1278 1048; x_wconf 78' lang='lat' dir='ltr'>diverfis</span> <span class='ocrx_word' id='word_1_92' title='bbox 1289 1003 1373 1051; x_wconf 83' lang='lat' dir='ltr'>cri·</span> 
     </span>
     <span class='ocr_line' id='line_1_15' title="bbox 223 1064 1285 1132; baseline -0.002 -10"><span class='ocrx_word' id='word_1_93' title='bbox 223 1071 418 1122; x_wconf 84' lang='lat' dir='ltr'>minibus</span> <span class='ocrx_word' id='word_1_94' title='bbox 440 1068 639 1131; x_wconf 78' lang='lat' dir='ltr'>decretae,</span> <span class='ocrx_word' id='word_1_95' title='bbox 668 1065 712 1121; x_wconf 75' lang='grc' dir='ltr'>ἃ</span> <span class='ocrx_word' id='word_1_96' title='bbox 733 1083 826 1129; x_wconf 80' lang='lat' dir='ltr'>quae</span> <span class='ocrx_word' id='word_1_97' title='bbox 843 1065 939 1116; x_wconf 87' lang='lat' dir='ltr'>sunt</span> <span class='ocrx_word' id='word_1_98' title='bbox 950 1064 1033 1132; x_wconf 79' lang='lat' dir='ltr'>alia</span> <span class='ocrx_word' id='word_1_99' title='bbox 1044 1064 1114 1115; x_wconf 90' lang='lat' dir='ltr'>his</span> <span class='ocrx_word' id='word_1_100' title='bbox 1125 1068 1285 1125; x_wconf 77' lang='lat' dir='ltr'>affinia.</span> 
     </span>
    </p>
   </div>
   <div class='ocr_carea' id='block_1_3' title="bbox 684 1207 920 1278">
    <p class='ocr_par' dir='ltr' id='par_1_3' title="bbox 684 1207 920 1278">
     <span class='ocr_line' id='line_1_16' title="bbox 684 1207 920 1278; baseline -0.028 0"><span class='ocrx_word' id='word_1_101' title='bbox 684 1207 731 1278; x_wconf 78' lang='lat'>§·</span> <span class='ocrx_word' id='word_1_102' title='bbox 802 1217 920 1274; x_wconf 79' lang='lat'>336</span> 
     </span>
    </p>
   </div>
   <div class='ocr_carea' id='block_1_4' title="bbox 224 1336 1405 1612">
    <p class='ocr_par' dir='ltr' id='par_1_4' title="bbox 224 1336 1405 1612">
     <span class='ocr_line' id='line_1_17' title="bbox 291 1336 1375 1418; baseline -0.003 -27"><span class='ocrx_word' id='word_1_103' title='bbox 291 1340 515 1418; x_wconf 76' lang='lat' dir='ltr'>Qoniam</span> <span class='ocrx_word' id='word_1_104' title='bbox 538 1355 647 1389; x_wconf 84' lang='lat' dir='ltr'>vero</span> <span class='ocrx_word' id='word_1_105' title='bbox 665 1336 936 1387; x_wconf 81' lang='lat' dir='ltr'>consuetudo</span> <span class='ocrx_word' id='word_1_106' title='bbox 970 1338 1203 1388; x_wconf 81' lang='lat' dir='ltr'>inveterata</span> <span class='ocrx_word' id='word_1_107' title='bbox 1236 1357 1375 1405; x_wconf 80' lang='lat' dir='ltr'>aeger-</span> 
     </span>
     <span class='ocr_line' id='line_1_18' title="bbox 224 1406 1405 1471; baseline -0.004 -9"><span class='ocrx_word' id='word_1_108' title='bbox 224 1413 337 1463; x_wconf 82' lang='lat' dir='ltr'>rime</span> <span class='ocrx_word' id='word_1_109' title='bbox 349 1411 606 1458; x_wconf 86' lang='lat' dir='ltr'>eradicatur·</span> <span class='ocrx_word' id='word_1_110' title='bbox 595 1442 609 1463; x_wconf 89' lang='lat'>,</span> <span class='ocrx_word' id='word_1_111' title='bbox 637 1427 661 1455; x_wconf 86' lang='lat' dir='ltr'>a</span> <span class='ocrx_word' id='word_1_112' title='bbox 674 1407 830 1455; x_wconf 86' lang='lat' dir='ltr'>teneris</span> <span class='ocrx_word' id='word_1_113' title='bbox 843 1406 1086 1471; x_wconf 86' lang='lat' dir='ltr'>unguiculis</span> <span class='ocrx_word' id='word_1_114' title='bbox 1098 1409 1269 1455; x_wconf 85' lang='lat' dir='ltr'>castitati</span> <span class='ocrx_word' id='word_1_115' title='bbox 1280 1409 1378 1457; x_wconf 73' lang='lat' dir='ltr'>litae</span> <span class='ocrx_word' id='word_1_116' title='bbox 1402 1407 1405 1417; x_wconf 89' lang='lat'>&#39;</span> 
     </span>
     <span class='ocr_line' id='line_1_19' title="bbox 224 1472 1374 1538; baseline -0.01 -8"><span class='ocrx_word' id='word_1_117' title='bbox 224 1501 272 1530; x_wconf 81' lang='lat' dir='ltr'>re</span> <span class='ocrx_word' id='word_1_118' title='bbox 293 1480 453 1528; x_wconf 88' lang='lat' dir='ltr'>debent</span> <span class='ocrx_word' id='word_1_119' title='bbox 470 1477 626 1536; x_wconf 81' lang='lat' dir='ltr'>liberi,</span> <span class='ocrx_word' id='word_1_120' title='bbox 655 1472 738 1523; x_wconf 88' lang='lat'>&amp;</span> <span class='ocrx_word' id='word_1_121' title='bbox 725 1475 928 1538; x_wconf 78' lang='lat' dir='ltr'>inprimis</span> <span class='ocrx_word' id='word_1_122' title='bbox 948 1476 1204 1535; x_wconf 76' lang='lat' dir='ltr'>curandum,</span> <span class='ocrx_word' id='word_1_123' title='bbox 1234 1491 1281 1523; x_wconf 88' lang='lat' dir='ltr'>ut</span> <span class='ocrx_word' id='word_1_124' title='bbox 1294 1495 1374 1524; x_wconf 74' lang='lat' dir='ltr'>oc.</span> 
     </span>
     <span class='ocr_line' id='line_1_20' title="bbox 225 1542 1373 1612; baseline -0.003 -13"><span class='ocrx_word' id='word_1_125' title='bbox 225 1551 437 1599; x_wconf 73' lang='lat' dir='ltr'>canonem</span> <span class='ocrx_word' id='word_1_126' title='bbox 460 1546 610 1606; x_wconf 88' lang='lat' dir='ltr'>vitent,</span> <span class='ocrx_word' id='word_1_127' title='bbox 633 1563 717 1612; x_wconf 77' lang='lat' dir='ltr'>qua</span> <span class='ocrx_word' id='word_1_128' title='bbox 742 1543 797 1592; x_wconf 79' lang='lat' dir='ltr'>ad</span> <span class='ocrx_word' id='word_1_129' title='bbox 819 1543 1015 1592; x_wconf 64' lang='lat' dir='ltr'>ustiones</span> <span class='ocrx_word' id='word_1_130' title='bbox 1036 1542 1290 1593; x_wconf 82' lang='lat' dir='ltr'>libidinosas</span> <span class='ocrx_word' id='word_1_131' title='bbox 1311 1544 1373 1596; x_wconf 55' lang='lat' dir='ltr'>see</span> 
     </span>
    </p>
   </div>
   <div class='ocr_carea' id='block_1_5' title="bbox 227 1621 455 1672">
    <p class='ocr_par' dir='ltr' id='par_1_5' title="bbox 227 1621 455 1672">
     <span class='ocr_line' id='line_1_21' title="bbox 227 1621 455 1672; baseline -0.026 -3"><span class='ocrx_word' id='word_1_132' title='bbox 227 1621 455 1672; x_wconf 78' lang='lat' dir='ltr'>ducuntur.</span> 
     </span>
    </p>
   </div>
   <div class='ocr_carea' id='block_1_6' title="bbox 499 1752 979 1870">
    <p class='ocr_par' dir='ltr' id='par_1_6' title="bbox 499 1752 979 1870">
     <span class='ocr_line' id='line_1_22' title="bbox 499 1752 979 1870; baseline -0.004 -44"><span class='ocrx_word' id='word_1_133' title='bbox 499 1833 537 1870; x_wconf 46' lang='lat' dir='ltr'>U</span> <span class='ocrx_word' id='word_1_134' title='bbox 687 1752 738 1826; x_wconf 56' lang='grc' dir='ltr'>ᾗ·</span> <span class='ocrx_word' id='word_1_135' title='bbox 803 1773 902 1824; x_wconf 82' lang='lat'><strong>337·</strong></span> <span class='ocrx_word' id='word_1_136' title='bbox 976 1779 979 1780; x_wconf 45' lang='lat'><em>⁷</em></span> 
     </span>
    </p>
   </div>
   <div class='ocr_carea' id='block_1_7' title="bbox 229 1882 1372 2148">
    <p class='ocr_par' dir='ltr' id='par_1_7' title="bbox 229 1882 1372 2148">
     <span class='ocr_line' id='line_1_23' title="bbox 293 1882 1371 1953; baseline -0.006 -15"><span class='ocrx_word' id='word_1_137' title='bbox 293 1890 414 1940; x_wconf 77' lang='lat' dir='ltr'>Solet</span> <span class='ocrx_word' id='word_1_138' title='bbox 437 1887 577 1953; x_wconf 76' lang='lat' dir='ltr'>vulgo</span> <span class='ocrx_word' id='word_1_139' title='bbox 589 1887 759 1953; x_wconf 61' lang='lat' dir='ltr'>stilae-&#39;is</span> <span class='ocrx_word' id='word_1_140' title='bbox 772 1881 1166 1962; x_wconf 43' lang='lat' dir='ltr'>nomineinsigniri·</span> <span class='ocrx_word' id='word_1_141' title='bbox 1166 1919 1179 1943; x_wconf 94' lang='lat'>‚</span> <span class='ocrx_word' id='word_1_142' title='bbox 1222 1885 1298 1951; x_wconf 88' lang='lat' dir='ltr'>qui</span> <span class='ocrx_word' id='word_1_143' title='bbox 1318 1902 1371 1936; x_wconf 64' lang='lat' dir='ltr'>ex</span> 
     </span>
     <span class='ocr_line' id='line_1_24' title="bbox 229 1953 1372 2020; baseline -0.004 -13"><span class='ocrx_word' id='word_1_144' title='bbox 229 1959 348 2007; x_wconf 67' lang='lat' dir='ltr'>taCtu</span> <span class='ocrx_word' id='word_1_145' title='bbox 375 1971 562 2006; x_wconf 85' lang='lat' dir='ltr'>venereo</span> <span class='ocrx_word' id='word_1_146' title='bbox 599 1956 873 2018; x_wconf 84' lang='lat' dir='ltr'>voluptatem</span> <span class='ocrx_word' id='word_1_147' title='bbox 898 1955 1020 2004; x_wconf 86' lang='lat' dir='ltr'>sentit</span> <span class='ocrx_word' id='word_1_148' title='bbox 1056 1953 1259 2015; x_wconf 85' lang='lat' dir='ltr'>nimiam,</span> <span class='ocrx_word' id='word_1_149' title='bbox 1288 1972 1372 2020; x_wconf 82' lang='lat' dir='ltr'>qua</span> 
     </span>
     <span class='ocr_line' id='line_1_25' title="bbox 230 2021 1372 2089; baseline -0.005 -14"><span class='ocrx_word' id='word_1_150' title='bbox 230 2044 389 2089; x_wconf 84' lang='lat' dir='ltr'>nempe</span> <span class='ocrx_word' id='word_1_151' title='bbox 415 2022 661 2086; x_wconf 87' lang='lat' dir='ltr'>impellitur</span> <span class='ocrx_word' id='word_1_152' title='bbox 682 2023 737 2071; x_wconf 83' lang='lat' dir='ltr'>ad</span> <span class='ocrx_word' id='word_1_153' title='bbox 760 2024 881 2072; x_wconf 69' lang='lat' dir='ltr'>astus</span> <span class='ocrx_word' id='word_1_154' title='bbox 894 2023 983 2089; x_wconf 86' lang='lat' dir='ltr'>legi</span> <span class='ocrx_word' id='word_1_155' title='bbox 1003 2021 1190 2076; x_wconf 75' lang='lat' dir='ltr'>naturali</span> <span class='ocrx_word' id='word_1_156' title='bbox 1204 2036 1372 2077; x_wconf 70' lang='lat' dir='ltr'>contra·</span> 
     </span>
     <span class='ocr_line' id='line_1_26' title="bbox 231 2091 960 2148; baseline -0.003 -5"><span class='ocrx_word' id='word_1_157' title='bbox 231 2096 319 2144; x_wconf 77' lang='lat' dir='ltr'>rios</span> <span class='ocrx_word' id='word_1_158' title='bbox 330 2091 434 2145; x_wconf 81' lang='lat' dir='ltr'>seua</span> <span class='ocrx_word' id='word_1_159' title='bbox 461 2094 643 2146; x_wconf 82' lang='lat' dir='ltr'>castitate</span> <span class='ocrx_word' id='word_1_160' title='bbox 662 2091 960 2148; x_wconf 68' lang='lat' dir='ltr'>abhorrentes,</span> 
     </span>
    </p>
   </div>
   <div class='ocr_carea' id='block_1_8' title="bbox 1145 2299 1374 2383">
    <p class='ocr_par' dir='ltr' id='par_1_8' title="bbox 1145 2299 1374 2383">
     <span class='ocr_line' id='line_1_27' title="bbox 1145 2299 1374 2383; baseline -0.013 -7"><span class='ocrx_word' id='word_1_161' title='bbox 1145 2374 1148 2376; x_wconf 83' lang='grc'>,</span> <span class='ocrx_word' id='word_1_162' title='bbox 1184 2299 1374 2383; x_wconf 57' lang='lat' dir='ltr'>§ime</span> 
     </span>
    </p>
   </div>
  </div>
 </body>
</html>
