1408 2574
288 99 595 138 PHILosornm
650 100 925 138 NATVRAUS.
1115 103 1223 149 429*

63 214 164 264 dam
181 213 436 263 metuebant
454 214 688 277 Tychonici,
700 213 805 261 inde
827 212 899 272 est,
921 210 1043 277 quod
1065 215 1208 274 gravi-

57 299 122 330 tas
150 283 398 348 plurimum
410 281 600 329 excedat
643 298 854 332 conatum
898 279 1206 355 centrifugum

57 369 110 401 ex
124 367 252 399 motu
263 353 494 412 vertiginis
508 363 673 397 ortum.

535 417 576 479 §.
622 432 713 465 120.
1168 465 1169 468 ,

124 486 324 536 Eandem
354 480 439 533 effe
461 484 745 532 rotunditatis
773 478 944 530 causam
968 487 1016 533 in
1049 488 1206 540 ceteris

54 558 216 605 mundi
241 552 512 620 corporibus
523 552 739 601 totalibus
755 550 891 601 dubio
907 568 1052 601 caret:
1089 572 1210 603 cum-

55 623 362 690 que&eadern
375 637 504 669 motu
540 624 771 682 vertiginis
809 621 1041 680 gaudeant
1077 622 1133 682 (ᾗ.
1146 639 1206 686 71.

53 710 134 740 110.
139 696 177 754 )·,
212 689 416 758 ipsorum
441 706 623 755 quoque
653 689 797 751 figura
822 706 845 733 a
866 685 1081 753 sphaerica
1111 707 1206 738 tan-

50 758 683 826 risperrecedensconcipitur,
707 756 782 804 etfi
796 772 847 803 ex
859 770 994 816 tanto,
1017 776 1129 823 quo
1125 758 1205 807 ab·

51 826 169 885 sunt,
185 826 434 885 intervallo,
438 843 532 873 non
561 841 785 891 appareat.

46 929 1197 1003 -Qsseffi--QssmQssffiwzssffi-&fflwm

509 1051 633 1097 CAR.
671 1047 730 1092 II.

350 1118 528 1209 DE
572 1130 851 1226 AERE.

539 1290 576 1359 ς’.
629 1313 708 1346 121.
759 1316 797 1323 “⁷

42 1389 270 1504 Aerem
291 1403 377 1453 effe
399 1399 624 1452 elasticum
645 1416 779 1467 atque
809 1413 992 1463 gravem
1027 1407 1197 1471 experi
1210 1441 1215 1448 s

174 1484 436 1521 mentorum
451 1471 537 1520 fide
550 1469 795 1531 constat(§.
808 1473 880 1535 36.
897 1488 979 1528 40
1002 1475 1066 1519 Ex
1058 1477 1195 1540 pm)

42 1547 160 1592 Cum
182 1541 293 1591 adeo
304 1560 347 1589 vi
369 1542 595 1604 gravitatis
614 1538 779 1588 nullibi
800 1540 961 1599 majori
986 1542 1194 1590 interval

38 1611 86 1658 lo
112 1622 276 1657 aterrae
288 1625 443 1659 centro
456 1612 695 1667 removeri,
718 1626 801 1657 nec
820 1605 878 1656 ob
900 1607 1193 1657 elasticitatem

38 1678 166 1725 locus
194 1677 320 1724 alteri
332 1694 432 1724 aere
443 1678 582 1741 pleno
606 1679 849 1738 contiguus
873 1674 1096 1724 abeodem
1119 1697 1192 1724 va-

38 1763 147 1795 cuus
169 1748 351 1809 concipi
377 1759 509 1807 queat
529 1745 584 1804 (§.
590 1751 666 1805 36.
680 1748 771 1809 Exp
772 1763 834 1790 er
837 1746 856 1805 )
872 1760 944 1789 aei
955 1749 1191 1793 terr‘euni

33 1810 165 1862 versae
201 1811 581 1860 circumfunditur
605 1759 893 1876 &superficie
913 1811 1058 1860 eidem
1084 1831 1189 1864 con

35 1883 225 1930 centrica
246 1883 531 1930 terminatur.

516 1947 687 2010 §.122

101 2020 251 2082 Atque
271 2017 425 2065 eadem
438 2016 501 2065 est
513 2019 639 2075 ratio,
671 2016 813 2063 curin
844 2010 998 2063 foveas
1029 2019 1185 2081 irruat,

35 2086 79 2135 &
93 2102 232 2152 poros
245 2102 490 2153 corporum
512 2084 697 2150 repleat.

510 2153 551 2216 ὓ·
602 2168 694 2216 123·

93 2226 185 2273 Aer
196 2215 398 2288 superior
409 2222 452 2270 vi
465 2224 689 2286 gravitatis
712 2221 879 2286 premit
899 2217 1179 2276 inferiorem,

1105 2291 1179 2339 cui
