1408 2574
0 0 90 137 1„

430 126 435 129 ,
507 89 784 125 ornemus,
898 138 903 141 .
1157 83 1236 137 103

82 204 266 267 Ontol.)‚
290 202 560 252 admittenda
581 199 683 249 sunt
702 200 918 266 simplicia
939 196 1145 266 partibus
1164 215 1232 249 ea-

80 276 222 321 rcntia
244 270 382 337 (§.71.-
407 272 567 330 Ontol.)
589 307 605 327 ,
635 271 757 318 unde
782 284 932 335 partes
964 267 1234 334 compofito-

80 359 186 390 rum
205 340 385 388 tandem
399 356 552 387 ortum
577 339 775 386 trahunt.
811 337 985 387 Eodem
996 336 1134 386 modo
1154 339 1232 386 hie

80 426 466 471 argumentamur,
477 425 571 474 quo
585 406 875 455 ab‘existentia
886 404 1116 455 causarum
1127 423 1233 455 con-

81 481 349 541 tingentium
365 476 490 527 seriei
512 491 881 539 argumentamur
893 476 947 524 ad
957 473 1130 525 causam
1141 479 1235 545 pri·

80 565 203 597 mam
225 545 524 596 necessariam.
580 605 592 616 K

436 650 487 674 A„
600 618 639 675 §.
656 618 728 673 86.

145 687 258 732 Haec
288 686 407 733 entia
432 681 650 748 simplicia
671 724 681 743 ,
720 682 843 732 unde
875 684 1234 749 compositorum

78 769 229 819 partes
251 769 404 801 ortum
425 753 624 811 trahunt,
646 750 719 801 seu
732 750 1086 818 compositorum
1110 756 1238 821 prin-¹

80 824 200 889 cipia
220 822 364 887 (§.93.
379 823 515 869 Ontol.
534 829 560 882 )
583 822 798 869 dicuntur
821 823 1046 870 Elementa.

593 909 629 967 §·
656 915 728 970 87-

151 974 392 1025 Elementa
422 977 561 1036 igitur
597 973 933 1036 magnitudine,
967 975 1238 1037 extensione,

79 1044 237 1108 figura,
257 1059 388 1093 motu
415 1042 627 1091 intestino
652 1057 802 1092 carent
817 1082 828 1103 ,
853 1048 942 1092 nec'
959 1040 1149 1109 spatium
1170 1062 1241 1094 re-

78 1115 233 1181 plent,
254 1128 387 1177 atque
411 1130 434 1159 a
456 1112 713 1179 compofito
735 1109 920 1180 prorsus
950 1110 1167 1163 differunt
1185 1116 1243 1176 (§.

80 1184 339 1247 72.0ntol.).

150 1329 192 1372 A
209 1340 319 1374 vero
341 1327 479 1388 igitur
515 1323 749 1383 aberrant,
773 1328 852 1391 qui
876 1325 1109 1376 elementis
1132 1341 1244 1393 pro»

81 1395 289 1461 prietates
314 1390 671 1462 compositorum
684 1393 921 1456 affingunt.

583 1475 626 1541 ὗ·
661 1485 734 1537 89·

146 1543 461 1610 Qamobrem
486 1547 644 1608 exigua
674 1541 965 1611 corpuscula,
997 1559 1050 1594 ex
1075 1542 1243 1611 quibus

79 1625 298 1677 tanquam
320 1613 523 1679 partibus
558 1614 729 1680 majora
760 1629 1125 1682 componuntur,
1151 1631 1240 1679 pro

81 1681 317 1729 elementis
345 1698 592 1747 perperam
616 1681 942 1751 aPhilosophis
956 1679 1240 1750 corpuscula·
1273 1706 1278 1710 v

81 1749 209 1800 ribus
233 1748 534 1799 venditantur.
703 1812 706 1815 Ι

588 1818 630 1883 §.
665 1835 743 1881 90.

147 1898 385 1949 Elementa
407 1899 484 1950 ista
506 1917 582 1951 aut
599 1901 757 1951 fimilia
774 1900 876 1953 sunt
897 1917 976 1952 aut
999 1902 1235 1955 diffimilia.v

80 1968 254 2033 Quodsi
286 1969 442 2018 fimilia
486 1968 641 2019 forent
663 2010 675 2030 ,
711 1969 965 2022 discrimine
996 1972 1239 2023 intrinseco

81 2035 430 2087 destituerentur
451 2038 519 2104 (ᾗ.
538 2056 606 2105 23.
623 2043 790 2106 Ontol.)
809 2079 822 2102 ,
853 2042 1064 2109 adeoque
1108 2042 1236 2091 nulla

18 2122 21 2128 “
81 2102 205 2166 foret
225 2109 366 2163 ratio,
402 2126 481 2157 cur
504 2109 594 2155 hoc
631 2113 783 2174 potius
814 2111 972 2159 ordine
1004 2108 1092 2161 sese
1123 2113 1236 2159 invi-

82 2191 186 2222 cem
208 2178 465 2242 exciperent
477 2218 487 2237 ,
510 2194 646 2242 quam
666 2179 752 2228 al'io
771 2180 836 2239 (ὅ.
851 2198 900 2241 9.
917 2182 1050 2229 Ontol.
1060 2187 1085 2240 )
1099 2219 1109 2239 ,
1128 2197 1234 2228 con-

82 2238 320 2311 sequenter
348 2251 688 2313 permutatione
723 2245 838 2298 fasta
875 2248 998 2301 idem
1044 2264 1233 2364 compfq·

87 2318 92 2325 ¹
149 2344 153 2348 .
587 2318 633 2364 G
661 2333 694 2379 4
1198 2332 1232 2364 1·
