1408 2574
483 46 909 119 PRAEFATIO.

123 168 280 241 longe
348 169 443 228 alia
507 169 857 226 controverfiae
923 168 1075 236 hujus
1144 167 1288 223 scena

125 245 333 303 emersit.
425 246 721 306 Adversarii
774 253 913 303 enim
968 245 1286 315 objefflones

125 327 326 381 dudum
379 325 568 383 solutas
588 343 590 346 ·
610 343 895 404 recoquunt
959 327 1009 380 &
1074 327 1285 401 quidem

125 404 197 460 ob
231 403 490 460 defedlum
532 406 712 462 debitae
776 407 1088 478 cognitionis
1130 408 1286 460 muti-

104 481 195 538 ‘las
228 502 322 538 nec
343 487 520 557 primis
543 485 790 544 natalibus
829 483 1013 539 fimiles
1038 527 1054 552 ‚
1130 483 1285 540 hanc-

123 581 225 636 que
280 561 582 636 hypothefin
636 569 816 619 ceteris
868 578 1107 636 tanquam
1164 582 1286 636 pro-

121 639 423 695 babiliorem
459 641 775 714 praeferentes
803 687 817 712 ‚
870 640 904 695 fi
947 643 1155 695 rationis
1207 644 1287 709 ju-

49 744 51 746 ·
124 719 264 772 dicio
299 719 531 775 standum
554 766 574 792 ‚
646 726 842 795 generis
875 719 1090 774 humani
1112 722 1285 775 inimi-

120 815 213 852 cos
251 795 546 853 declamant.

241 952 365 1009 Risu
405 956 647 1030 equidem
688 956 855 1012 nostra
895 968 1032 1009 aetate
1066 954 1288 1025 dignum

120 1033 221 1103 est,
273 1032 346 1088 ob
375 1033 679 1109 hypothesin
720 1033 1134 1108 philosophicam
1177 1044 1286 1084 tan-

122 1127 206 1168 tos
248 1131 460 1167 movere
488 1114 721 1187 strepitus
746 1157 763 1184 ,
837 1133 946 1187 quae
979 1115 1031 1166 in
1066 1108 1285 1182 discipli-

109 1210 213 1253 3nas
237 1190 456 1248 morales
497 1193 548 1247 ὅτ
568 1192 853 1248 Facultates
878 1236 894 1261 ‚
960 1209 1082 1266 quas
1141 1187 1284 1261 supe-

122 1272 284 1325 riores
307 1270 484 1326 dicunt
508 1315 525 1343 ‚
581 1291 690 1327 non
731 1273 936 1326 influit:
1018 1271 1283 1323 enimvero

122 1367 191 1402 ne
241 1348 472 1405 inanibus
533 1354 657 1406 rixis
705 1351 877 1405 denuo
920 1350 1087 1403 afferri
1127 1343 1286 1418 pabu-

120 1426 234 1483 lum
256 1428 485 1483 videatur
505 1473 523 1500 ‚
596 1433 650 1483 in
683 1427 1022 1501 Psychologia
1052 1421 1286 1479 rationali

122 1505 462 1580 peculiaribus
506 1507 751 1580 capitibus
793 1511 887 1561 tria
934 1503 1285 1576 Philosopho-

123 1603 242 1638 rum
310 1586 567 1656 systemata
615 1590 669 1642 in
720 1584 1026 1660 explicando
1096 1595 1283 1636 mutuo

124 1666 311 1718 mentis
354 1683 478 1718 cum
516 1682 736 1739 corpore
780 1664 1101 1720 commercio
1137 1658 1283 1712 exhi-

114 1739 214 1803 ,bui
237 1784 253 1810 ‚
303 1740 639 1816 appositisque
692 1742 959 1811 cujuslibet
1001 1735 1282 1794 rationibus

123 1817 345 1874 liberum
378 1818 594 1875 Lediori
629 1820 848 1896 reliqui,
913 1821 998 1875 cui
1030 1814 1285 1872 calculum

124 1898 339 1965 adjicere
359 1897 521 1954 velit:
571 1897 678 1975 quo
709 1900 819 1974 ipso
844 1943 862 1969 ,
910 1897 1153 1965 arbitror,
1206 1894 1284 1949 di-

123 1975 292 2032 lucide
312 1976 587 2049 constabit,
645 1996 859 2034 omnem
890 1973 1283 2048 Philosophiam

121 2052 438 2111 Wolfianam
471 2099 488 2126 ‚
584 2055 1026 2130 quemadmodum
1092 2068 1286 2123 nugan-

121 2144 207 2187 tur
237 2135 541 2205 adversarii,
598 2135 722 2192 huic
766 2132 1284 2210 hypothefi{minime

119 2211 218 2269 effe
248 2213 632 2288 superstrustam
654 2261 672 2290 ‚
709 2234 804 2275 nec
837 2211 1036 2290 posito,
1056 2210 1143 2268 sed
1173 2224 1284 2341 nqln

1153 2304 1220 2344 co
1257 2318 1281 2333 ·
