1408 2574
221 112 311 176 368
464 151 467 153 .
611 125 965 160 msrn'u'rtouss

212 230 423 300 posuerss
436 270 447 291 ,
478 245 669 294 quatuor
686 233 1057 300 parallelepipeda
1077 229 1251 284 duobus
1261 235 1347 281 GK

224 301 268 348 ἃ
296 304 383 345 KH
407 303 454 346 in
476 317 620 346 unum
648 302 744 347 GH
795 300 1039 366 conjunstis
1068 300 1349 366 aequiponde«

220 366 396 416 rabunt.
464 365 538 413 Est
560 372 678 414 enim
699 368 830 431 ipsius
861 373 956 416 GH
982 383 1183 417 centrum
1205 372 1346 430 gravi-

219 437 320 482 tatis
344 436 393 482 in
414 438 451 481 K
503 434 546 482 &
567 433 700 501 ipfius
723 440 814 489 HF
831 439 878 484 in
900 440 922 484 Ι
953 453 1051 500 per»
1071 439 1344 501 experimen-

221 516 318 550 tum
373 506 584 567 primum.
654 503 874 552 Distantiae
932 507 1066 565 igitur
1087 520 1344 551 centrorum

219 571 442 632 gravitatis
465 573 536 615 IH
560 571 602 617 &
627 574 715 617 HK
735 568 835 617 sunt
861 586 912 622 ,ut
940 571 1138 635 pondera
1170 572 1266 616 GH
1299 569 1343 615 ὅ(

218 641 321 683 HF.
392 640 626 684 Nimirum
659 639 845 704 perinde
864 638 923 685 est
942 657 989 684 ac
1010 639 1040 685 fi
1063 642 1111 685 in
1141 642 1159 683 l
1181 654 1352 701 appenr

220 704 399 752 deretur
452 705 631 768 pondus
689 701 875 771 duplum
896 704 1104 770 ponderis
1126 708 1170 755 in
1200 708 1238 750 K
1267 721 1345 768 ap-

215 772 364 838 pensi,
398 771 469 818 vel
494 771 531 823 fi*
574 774 620 821 in
648 776 668 818 I
697 772 1024 838 appenderetur
1044 771 1222 837 pondus
1242 788 1344 834 qua-

211 854 319 888 tuor
341 839 728 903 parallelepipedis
751 841 912 904 aequale
933 878 944 898 ‚
974 842 1020 887 in
1039 842 1077 887 L
1098 839 1142 885 ὅ(
1165 841 1220 885 M
1247 855 1347 894 een«

215 910 294 955 tris
315 909 537 968 gravitatis
559 911 907 973 proportionum
932 912 1019 953 HK
1053 907 1096 954 &
1124 908 1208 952 KG
1234 922 1345 970 pon-

216 975 297 1022 dus
318 976 483 1039 aequale
505 979 601 1022 erit.
670 977 839 1024 Eodem
860 975 993 1023 modo
1008 972 1346 1039 deprehendun-

214 1057 287 1089 tur
310 1042 679 1106 parallelepipeda
731 1043 809 1091 fibi
836 1058 994 1091 mutuo
1015 1038 1346 1107 superimposita

213 1111 261 1157 in
288 1113 381 1156 PN
412 1111 774 1174 aequiponderare
793 1113 873 1158 uni
904 1113 989 1156 ΡΟ
1012 1148 1022 1167 ,
1059 1108 1180 1172 quod
1212 1106 1260 1154 fit
1279 1110 1343 1172 ip-

211 1177 295 1225 fius
318 1180 414 1223 PN
445 1177 651 1241 triplum.
719 1178 905 1227 Perinde
927 1174 1085 1225 scilicet
1107 1193 1154 1222 ac
1185 1173 1215 1221 fi
1232 1191 1343 1239 pon·

212 1244 294 1292 dus
317 1247 361 1290 in
386 1260 536 1292 centro
557 1248 776 1305 gravitatis
801 1249 856 1312 Q
879 1244 1013 1309 ipsius
1051 1246 1146 1289 ΡΝ
1178 1259 1342 1307 appen-

209 1308 307 1360 sum
334 1311 386 1358 fit
417 1312 604 1373 triplum
663 1313 873 1378 ponderis
908 1317 947 1359 R
978 1314 1025 1358 in
1058 1317 1210 1358 'centro
1245 1325 1340 1370 gra.-

210 1382 356 1426 vitatis
411 1379 547 1444 ipsius
569 1384 646 1427 PO
698 1379 900 1446 appenfi,
945 1381 1016 1426 vel
1047 1378 1078 1425 {i
1108 1395 1159 1424 ex
1181 1379 1343 1428 centris

210 1451 431 1508 gravitatis
480 1451 742 1512 portionum
788 1448 1017 1513 aequalium
1038 1484 1051 1503 ,
1086 1449 1154 1496 T,
1187 1443 1254 1501 R,
1289 1446 1342 1500 S,

209 1513 580 1579 suspenderentur
633 1516 833 1581 pondera
855 1518 933 1562 uni
966 1510 1341 1578 parallelepipedo
1398 1556 1400 1559 ,

209 1582 403 1644 aequalia,
425 1585 471 1628 in
496 1586 678 1648 Qvero
695 1583 876 1650 pondus
904 1580 1070 1646 aequale
1109 1577 1342 1645 parallele·

207 1650 379 1715 pipedis
398 1667 580 1709 novem.
1332 1644 1345 1655 f

1231 2283 1336 2328 CAP
