1408 2574
251 65 555 97 PfflLosox’HlAE
577 64 979 96 EXPEMMENTALIS.
1122 62 1209 111 293

12 200 14 207 >
55 178 172 223 'num
201 173 518 237 eundemque,
567 190 606 220 e.
659 189 722 233 gr.
756 169 943 240 spiritus
963 173 1057 221 vini
1075 174 1206 220 citius

60 241 242 302 ebullit,
277 260 409 307 quam
435 258 566 306 aqua·
1081 243 1086 249 ’

560 365 602 428 §.
640 383 716 428 ¹15·

124 437 356 501 Qioniam
377 435 645 500 experientia
668 432 860 492 constat,
905 434 1052 482 eidem
1080 431 1195 479 calo-

54 503 97 550 ri
116 500 246 550 solari
265 502 456 567 exposita
477 519 667 567 corpora
688 519 781 548 non
809 503 1002 550 eundem
1035 500 1196 548 caloris

17 585 19 590 ’
52 566 243 630 gradum
303 577 556 635 acquirere,
585 568 773 618 dubium
803 588 895 617 non
952 570 1012 618 est
1035 609 1045 628 ,
1080 570 1191 633 quin

53 640 184 685 etiam
224 639 583 703 unumquodque
627 656 793 704 corpus
824 635 1015 686 solidum
1049 636 1190 684 deter-

50 707 271 753 minatum
302 707 460 754 caloris
491 706 681 767 gradum
711 709 938 770 acquirat:
985 705 1030 752 id
1065 704 1187 769 quod

30 773 124 823 *vel
145 773 306 821 eodem
339 775 476 823 modo
505 779 555 821 in
592 776 785 822 materiis
814 777 1017 822 contritis
1045 790 1089 819 v.
1121 788 1187 832 gr.

47 843 178 888 terris
199 839 376 889 diversae
400 840 581 908 speciei,
616 859 767 901 arena,
803 843 888 890 ἃς.
912 842 982 888 vel
1002 837 1188 904 liquefa-

0 914 6 955 l
30 907 127 956 &is
151 927 191 955 v.
229 926 294 970 gr.
318 909 533 974 plumb0‚
567 928 667 957 cera
694 911 773 957 διε.
797 926 845 956 ut
870 926 968 957 ante
993 908 1187 973 experiri

0 972 4 1047 J
45 975 150 1023 licet
172 976 230 1040 (§.
257 978 382 1041 1142),
417 976 489 1025 vel
516 977 613 1026 aliis
631 978 778 1026 adhuc
798 978 948 1025 modis
977 976 1185 1023 determi-

0 1054 1 1070 ¹
39 1046 140 1092 nari
156 1042 313 1110 potest.

546 1117 590 1171 §-
624 1116 711 1162 116.

107 1183 315 1229 Mater-iis
348 1177 524 1241 frigidis
554 1183 672 1238 inter
701 1178 743 1229 fe
775 1183 1030 1229 commixtis
1061 1179 1179 1227 calo·

39 1266 160 1307 rem,
194 1252 336 1298 immo
358 1245 544 1297 subinde
564 1249 792 1298 flammam
816 1252 1023 1304 excitari,
1069 1249 1179 1313 chy·

39 1319 168 1364 micis
189 1320 505 1383 experimentis
534 1318 744 1376 docetur,
778 1335 818 1363 v.
841 1335 908 1379 gr.
942 1318 1093 1365 oleum
1117 1319 1180 1363 vi·

38 1386 162 1431 trioli
186 1386 378 1432 admixta
400 1403 513 1450 aqua
537 1386 609 1433 vel
631 1383 787 1451 spiritu
820 1390 914 1434 vini
934 1381 1179 1434 incalescit:

35 1454 179 1500 immo
199 1450 289 1519 ipsa
307 1453 464 1514 glacies
487 1455 586 1503 oleo
598 1456 766 1502 vitrioli
803 1453 946 1502 affuso
980 1454 1177 1501 calorem

37 1523 194 1582 gignit,
265 1521 578 1569 Imenfiffimus
600 1527 746 1571 oritur
768 1523 890 1570 calor
904 1562 914 1581 ,
936 1521 967 1569 fi
991 1522 1092 1570 oleo
1116 1537 1177 1568 te-

34 1588 302 1637 rebinthinae
360 1589 621 1639 affundatur
664 1630 675 1650 ,
721 1588 966 1655 prs-’sertim
1001 1592 1177 1646 veteri,

35 1656 162 1722 quod
182 1658 520 1721 quodammodo
560 1656 852 1724 inspiffatum.
943 1665 995 1706 ln
1014 1654 1112 1705 casu
1134 1675 1175 1703 e-

0 1742 8 1756 ’·
35 1728 131 1773 nim
161 1724 418 1789 posteriori
467 1728 626 1774 accidit
661 1726 902 1789 aliquando
924 1766 936 1785 ,
988 1743 1038 1771 ut
1061 1727 1178 1773 vitro

35 1792 268 1841 diffilieme
286 1809 412 1840 tanto
430 1796 605 1859 impetu
639 1797 698 1841 im
736 1797 940 1855 ingerent
968 1791 1107 1840 frusta
1129 1795 1176 1840 in

34 1861 208 1922 lagenas
229 1864 394 1910 vitreas
417 1899 430 1920 ‚
468 1877 519 1909 ut
557 1862 624 1909 hae
645 1813 748 1927 ipilie
781 1859 1177 1923 distringerentur,

32 1927 165 1977 fumo
225 1926 482 1977 ascendente
513 1947 565 1976 ex
598 1932 716 1978 vitro
752 1929 898 1977 adhuc
932 1935 1108 1990 integro
1130 1930 1175 1977 ὃ(

33 1997 220 2059 guttulis
243 1998 332 2046 olei
366 1998 420 2057 ald
452 1996 669 2060 insignem
697 1996 948 2046 distantiam
975 1995 1176 2046 latissime

30 2061 198 2129 sparfis.
271 2068 315 2113 Si
328 2066 480 2114 oleum
499 2067 668 2118 viu-ioli
690 2084 812 2131 aquae
835 2061 1174 2114 commisceatur

28 2133 77 2182 ἃ
99 2130 289 2183 frustula
333 2133 537 2201 chalybis
591 2134 664 2182 vel
694 2132 835 2195 ferri,
884 2154 980 2203 quae
1007 2138 1177 2183 ,Martis

615 2206 664 2250 T
706 2218 732 2268 3
1125 2205 1175 2250 li·
