1408 2574
465 102 470 117 “
507 105 716 160 Politicae.'
1085 123 1188 174 447

40 208 204 274 opibus
224 202 386 258 civiuni
397 201 698 254 conservandis
715 199 760 250 ἃ
775 200 1090 268 amplificandis
1109 201 1186 272 (ᾗ,

41 295 107 344 49
119 296 137 329 1
147 315 160 331 .
169 276 274 340 Jur.
287 272 419 338 nat.)-

110 415 275 477 Opum
304 338 859 474 consetvzffidariuffgratia
880 398 1076 460 summus
1096 409 1189 459 im-

42 496 199 545 perans
219 496 378 539 caveat,
402 495 459 530 ne
481 493 533 524 ex
567 475 653 525 suis
678 478 931 542 regionibus
960 480 1007 527 iu
1028 494 1192 527 exteras

43 549 262 598 deferatur
279 547 460 611 pecunia
471 543 620 612 (§·5110
631 545 739 610 Jur.
753 547 1192 613 nat.).Quamobrem

46 618 102 668 ab
124 616 403 681 adportandis
423 613 644 664 mercibus
656 616 912 678 peregrinis,
932 634 1025 682 quae
1045 631 1190 679 parata

46 687 232 751 pecunia
254 684 308 733 ab
329 684 484 732 exteris
509 682 720 742 emendae,
737 682 1049 743 abstinendum,
1073 682 1196 732 fiiis·

46 753 152 802 dem
164 753 239 802 vel
249 751 421 816 prorsus
436 768 578 800 carere
588 750 659 801 vel
681 751 727 800 in
746 768 902 804 eorum
921 753 1073 808 locum
1086 750 1196 802 alias

46 821 297 872 substituere
314 820 541 886 poffimus.

499 887 548 957 §·
618 903 642 947 3
655 906 678 953 3
688 907 733 943 2·

117 958 335 1010 Cautione
355 973 501 1009 tamen
521 957 597 1006 hic
610 993 621 1015 ,
651 972 699 1005 ut
719 956 767 1005 in
785 963 990 1013 omnibus
1010 957 1200 1026 negotiis

48 1029 256 1094 politicis,
272 1044 385 1092 opus
396 1029 466 1087 est,
477 1028 690 1077 nimirum
707 1041 762 1074 ne
773 1032 986 1080 mercium
999 1031 1200 1094 peregri·

47 1096 455 1160 mrum·aspcjrtatio
475 1094 777 1161 prohibeatur,
806 1098 835 1143 fi
865 1099 993 1148 exteri
1016 1097 1211 1160 perinde

50 1165 292 1229 prohibere
303 1166 479 1231 poffint,
499 1183 553 1214 ne
577 1179 744 1213 merces
763 1181 814 1212 ex
826 1169 982 1216 nostris
1001 1166 1204 1231 regioni-

49 1234 133 1283 bus
153 1233 206 1281 ad
229 1231 345 1297 ipsos
364 1232 648 1297 asporteutur,
677 1232 914 1296 praesertim
936 1234 1013 1286 ubi
1031 1234 1077 1283 id
1098 1250 1202 1285 cum

51 1301 255 1367 praesente
266 1299 433 1351 damno
442 1303 530 1351 fieri
542 1301 695 1364 potest.

635 1387 751 1433 ³33·

119 1437 259 1487 Probe
280 1455 455 1507 quoque
474 1438 863 1501 considerandum,
894 1456 1004 1491 num
1033 1459 1204 1492 merces

52 1507 292 1571 'peregrinae
306 1507 350 1555 in
361 1510 526 1557 nostras
549 1526 643 1556 oras
657 1508 806 1557 delatae
822 1511 869 1559 in
883 1510 986 1559 alias
1004 1512 1205 1577 peregri-

51 1575 383 1692 nafggxnostris
403 1577 564 1628 iterum
584 1576 893 1647 deportentur,
926 1580 1050 1629 lucto
1071 1580 1204 1631 nobis

55 1660 136 1691 fel
189 1662 233 1697 0.

512 1715 563 1783 §·
637 1735 748 1782 κα·
914 1698 929 1731 ⁹
1233 1781 1237 1786 s

118 1786 269 1831 Immo
295 1795 378 1833 nec
409 1783 498 1835 hoc
528 1786 873 1854 negligendum,
905 1802 1016 1838 num
1039 1803 1206 1838 merces

54 1850 291 1915 peregrinae
317 1852 514 1903 alliciant
536 1871 727 1905 emtores
752 1874 918 1919 earum,
941 1875 1036 1925 quae
1063 1857 1207 1908 nostra

54 1915 300 1981 suppeditat
323 1922 470 1987 regio,
503 1939 550 1972 ut
569 1922 708 1990 majus
739 1924 844 1973 hinc
866 1927 1125 1988 sperandum
1153 1928 1206 1974 fit

55 1984 393 2101 {iucrumrquam
412 2008 461 2041 ex
473 1991 652 2044 illatum
673 1991 965 2057 asportatione
985 2010 1207 2046 metuatur

89 2071 288 2112 ammam.

121 2192 285 2243 Eadem
294 2195 349 2245 de
371 2196 492 2247 cansa
514 2131 607 2250 §on
636 2147 777 2248 {gitis
799 2200 1005 2251 locorum
1028 2195 1208 2250 consul-

57 2271 155 2308 tum
176 2261 307 2322 est,ut
329 2264 459 2316 bonis
485 2269 942 2335 naturalibusipfimet
962 2286 1131 2321 utamur
1150 2263 1206 2315 ad

57 2329 345 2397 conficiendas
370 2352 556 2404 merces.
1036 2403 1070 2476 §
1157 2407 1191 2457 6

1072 2422 1153 2472 .33
