1408 2574
223 85 253 119 2
262 85 286 139 3
295 86 327 138 4
669 72 945 135 Institutiones

218 166 386 233 nequit,
409 166 486 221 nisi
508 166 797 229 applicatione
829 169 1149 233 principiorum
1177 186 1361 235 genem

219 236 335 283 lium
359 234 428 298 (ᾗ.
443 253 462 295 3
473 254 510 298 3
521 236 661 299 Log..)
731 242 820 290 Nec
848 239 974 291 aliter
1009 238 1063 285 de
1083 238 1232 292 finium
1262 239 1361 292 sub

222 303 513 362 ordinatione,
538 303 586 352 &
607 304 763 352 medus
777 306 831 351 ad
856 324 930 353 eos
944 306 1361 364 ducentibusiudica

219 386 306 424 tur
373 378 430 425 Ut
451 374 592 439 itaque
626 374 673 424 in
707 373 946 426 istiusmodi
970 373 1138 438 judiciis
1168 373 1362 429 discurfi

219 440 284 491 vis
308 456 507 500 promtus
529 444 555 489 Γ
543 460 603 501 s,
636 441 788 495 habitu
810 442 1130 489 demonstrandi
1184 445 1255 509 (§.
1283 452 1358 502 58

222 512 326 571 Log
330 508 366 570 ),
371 509 630 586 consequen
621 527 679 556 ,er
692 508 864 564 scientia
875 511 1041 572 pollere
1054 511 1182 560 debes
1201 511 1271 577 (ᾗ.
1276 519 1359 562 62.

217 578 251 626 1
273 578 349 641 c.).
420 577 496 628 Est
540 580 681 653 itaque
713 577 889 634 scientia
916 580 1116 637 medium,
1146 579 1360 652 sapientiae

217 644 291 717 (§·
309 664 387 714 99·
405 652 538 702 Ontol
546 654 583 709 )

674 784 720 859 §-
796 791 903 850 183,

285 927 441 993 Negari
466 926 644 992 quidem
672 946 764 983 ιιοιι
786 928 949 990 potest,
994 928 1232 983 maximam
1264 927 1358 984 hQ-

217 1000 390 1052 minum
414 1013 598 1058 partem,
631 1014 798 1046 tantum
815 1014 904 1048 non
928 996 1096 1057 semper
1127 996 1358 1058 plurimOS,

214 1068 475 1143 plerumque
498 1064 542 1115 in
556 1066 783 1119 astionum
809 1064 978 1119 suarum
989 1066 1233 1117 ditestione
1244 1065 1356 1112 alios

214 1133 393 1190 imitari,
436 1133 677 1192 expestatio
660 1151 735 1180 ne
758 1131 929 1180 casuum
951 1133 1160 1189 similium
1175 1131 1357 1184 scientiae

213 1203 320 1250 loco
342 1217 508 1254 utentes
525 1200 599 1263 (ᾗ
623 1219 695 1263 75
722 1202 911 1264 [sych,.)
984 1203 1224 1255 Enimvero
1253 1218 1356 1256 cum

213 1269 458 1334 expestatio
488 1269 656 1322 casuum
679 1271 889 1317 similium
921 1285 1012 1316 non
1042 1269 1193 1319 eadem
1218 1272 1357 1322 firmi·
1405 1293 1408 1296 ·

211 1356 296 1387 tate
317 1340 506 1399 nitatur,
542 1356 627 1404 qua
651 1337 823 1391 scientia
847 1337 999 1386 nititur
1019 1337 1086 1402 (ᾗ,
1092 1346 1171 1391 62
1202 1342 1302 1401 Log.
1307 1338 1357 1401 )3

211 1410 409 1472 adeoque
428 1403 569 1467 lapsus
589 1406 762 1454 facilior
783 1408 811 1453 s
816 1422 847 1463 t
877 1406 1112 1468 praesertim
1137 1406 1248 1458 ubi
1236 1422 1357 1470 inge·

207 1480 288 1525 nio
302 1492 439 1522 careas
453 1476 472 1536 (
480 1473 522 1538 ᾗ.
545 1492 562 1522 1
573 1493 649 1537 73.
653 1481 696 1539 ):
731 1473 934 1538 sapientia
946 1475 1101 1540 absque
1112 1473 1284 1527 scientia
1298 1475 1356 1529 est:

206 1544 452 1592 admodum
476 1542 746 1604 imperfesta
816 1542 942 1596 Idem
964 1543 1104 1597 elucet
1124 1543 1293 1596 abunde
1305 1561 1355 1592 ex

208 1613 278 1673 iis,
300 1630 396 1678 quae
420 1610 474 1657 de
499 1609 688 1672 sapiente
698 1609 924 1660 astionum
936 1609 1210 1658 direffione
1198 1627 1241 1656 in
1256 1611 1355 1672 phi-..

207 1680 412 1744 Iosophia
424 1680 609 1742 prastica
622 1679 849 1727 universali
863 1680 932 1746 (ᾗ.
944 1698 1000 1730 10
1009 1700 1049 1742 3
1059 1675 1107 1734 ὅ(
1124 1678 1211 1744 sqq.
1217 1680 1352 1752 )ube÷

206 1751 297 1807 tius
317 1748 602 1804 demonstrata
624 1747 738 1805 sunt

535 1834 556 1870 ζ’

659 1910 703 1966 ἐς
777 1916 883 1977 ι84,

276 2030 518 2096 Requiritut
549 2048 656 2096 ergo
690 2031 744 2084 ad
796 2031 1044 2095 sapientiam
1088 2029 1195 2078 boni
1251 2046 1349 2081 maa

205 2096 326 2162 lique
358 2097 420 2145 v&
462 2099 688 2148 astionum
721 2098 1013 2147 humanarum
1047 2099 1347 2172 negotiorum-

208 2183 292 2230 qne
313 2182 408 2212 v1tae
425 2183 627 2229 inprimis
645 2166 1083 2231 scientia(§.182,.)
1155 2169 1235 2215 Etsi
1269 2180 1348 2227 ¹g1·

205 2249 278 2281 tut
299 2234 346 2290 in
368 2232 608 2306 disciplinis
629 2235 725 2286 aliis
760 2234 982 2290 scientiam
1009 2235 1219 2301 insignem
1252 2232 1349 2279 fue-

1288 2300 1347 2346 ris
