1408 2574
381 99 650 169 Philosophiae
669 105 858 159 moralis.
1133 119 1159 171 3
1171 123 1194 158 2
1203 124 1230 173 ς
1302 92 1315 97 χ

543 204 593 277 §·
645 222 753 271 557·

119 357 121 360 ,
172 300 376 353 Studium
414 302 714 364 promovendi
737 300 991 351 felicitatem
1013 298 1229 349 inimico·

71 390 172 422 rum
204 377 344 419 animi
363 373 556 434 generofi
535 371 653 420 tfert
680 387 864 424 nomen.
929 366 1070 419 Posset
1096 368 1227 419 etiam

69 445 447 506 magnanimitatis
471 440 656 490 nomine
669 439 930 504 compellari
947 475 961 501 ‚
987 438 1065 492 nifi
1088 438 1225 507 vulgo

66 527 153 564 vox
174 508 304 558 latius
324 524 606 574 acciperetur.

541 645 590 712 §-
632 655 749 709 558·

168 735 280 783 Sane
313 733 435 798 quod
467 733 698 797 crudelitas
717 735 763 782 in
791 746 980 785 numero
1008 732 1221 782 vitiorum

63 801 124 849 est
136 837 149 861 ‚
171 783 291 859 idem
311 802 648 866 magnanimitas
666 801 816 855 nostro
840 800 960 855 sensu
991 800 1038 853 in
1058 818 1223 851 nume-

61 887 115 922 ΞΟ
138 884 362 922 Virtutum.

513 949 565 1022 §·
627 965 741 1015 559·

129 1087 261 1157 Q
248 1086 484 1136 'mimicum
511 1087 725 1141 offendit:
761 1103 864 1136 eum
885 1087 1082 1137 aditam
1109 1104 1217 1152 pro.-

58 1173 188 1204 vocat
219 1157 435 1225 ipsusque
456 1147 659 1205 adversus
683 1172 767 1205 nos
804 1154 959 1203 odium
991 1173 1119 1222 auget
1147 1157 1217 1224 (§.

65 1225 363 1290 132.Pffi1cb.).
429 1229 489 1279 Ex
519 1224 699 1273 nostra
687 1241 833 1290 itaque
855 1223 1108 1274 infelicitate
1133 1240 1216 1272 tae-

62 1293 198 1341 dium
241 1292 488 1355 percipiens
509 1329 524 1353 ‚
575 1293 781 1345 vindistae
819 1291 1022 1353 cupidine
1066 1296 1215 1357 flagrat
1272 1314 1273 1317 ¹

57 1361 130 1427 (ᾗ.
146 1366 274 1425 551.)
281 1399 288 1416 ,
325 1377 453 1426 atque
483 1362 592 1409 adeo
626 1377 811 1408 omnem
833 1360 1103 1410 occasionem
1133 1378 1213 1409 an·

58 1444 258 1492 cupatur,
278 1447 364 1495 qua
382 1429 510 1478 nobis
527 1446 640 1496 aegre
660 1427 802 1482 facere
826 1427 1159 1497 damnumque
1146 1445 1212 1480 m

53 1496 166 1554 ferre
191 1499 295 1562 poss
300 1513 333 1551 t

533 1590 579 1645 §0
618 1587 730 1644 560.

160 1715 336 1769 Contra
358 1714 431 1780 qui
453 1714 686 1765 inimicum
711 1731 852 1774 amat,
883 1732 1012 1783 atque
1030 1716 1138 1764 adeo
1157 1734 1209 1765 ex

56 1789 150 1847 ejus
185 1783 393 1832 felicitate
424 1784 699 1860 voluptatem
738 1785 957 1901 Γεηῑιίςῗε,
991 1803 1090 1832 eam
1123 1800 1207 1847 pro

58 1853 179 1903 virili
206 1868 480 1916 promovet:
523 1853 560 1899 is
589 1855 777 1902 eundem
810 1854 839 1900 s
843 1852 873 1901 b
914 1852 1056 1900 reddit
1089 1852 1208 1902 ami-

57 1939 161 1970 cum
176 1919 241 1989 (§.
256 1929 330 1983 ὃς.
344 1921 447 1985 Jur
462 1935 553 1971 nat
569 1919 618 1969 &
636 1939 654 1970 1
671 1939 687 1972 1
703 1923 952 1987 5.1’fych.)‚
972 1936 1046 1968 ant
1066 1919 1207 1970 miniae

56 2007 185 2037 mum
222 1990 409 2051 impedit
445 2027 460 2051 ,
508 2007 563 2036 ne
599 1989 729 2038 nobis
759 2005 905 2052 aperte
942 1988 1202 2045 adversetur.

56 2062 158 2106 Huc
179 2058 341 2106 accedit
362 2094 374 2115 ,
411 2057 535 2134 quod
558 2057 670 2106 alios
687 2057 816 2106 nobis
840 2058 1070 2107 reddamus
1094 2059 1204 2116 ami·

56 2142 159 2190 cos,
188 2127 215 2174 si
244 2142 400 2189 praeter
431 2126 646 2174 rationem
672 2125 783 2175 alios
810 2142 892 2175 nos
921 2126 1026 2174 odio
1049 2125 1203 2190 prose-

52 2210 129 2260 qui
119 2194 488 2243 animadvertant
505 2194 571 2262 (ᾗ
576 2210 652 2257 115
665 2196 806 2260 Isych.
818 2192 938 2257 &85
947 2195 1064 2261 ‚Jur
1069 2194 1203 2257 naut)

52 2278 145 2329 quo
188 2262 287 2329 ipso
329 2261 480 2329 saepius
523 2265 576 2313 ad
631 2263 974 2314 misericordiam
1021 2263 1200 2311 addusti

589 2337 630 2384 X
671 2349 696 2398 3
770 2410 773 2413 s
998 2330 1200 2398 (§129.
