<?xml version="1.0" encoding="UTF-8"?>
<!DOCTYPE html PUBLIC "-//W3C//DTD XHTML 1.0 Transitional//EN"
    "http://www.w3.org/TR/xhtml1/DTD/xhtml1-transitional.dtd">
<html xmlns="http://www.w3.org/1999/xhtml" xml:lang="en" lang="en">
 <head>
  <title>
</title>
<meta http-equiv="Content-Type" content="text/html;charset=utf-8" />
  <meta name='ocr-system' content='tesseract 3.04.00' />
  <meta name='ocr-capabilities' content='ocr_page ocr_carea ocr_par ocr_line ocrx_word'/>
</head>
<body>
  <div class='ocr_page' id='page_1' title='image "./institutionesphi00th_0448.png"; bbox 0 0 1408 2574; ppageno 0'>
   <div class='ocr_carea' id='block_1_1' title="bbox 198 101 948 160">
    <p class='ocr_par' dir='ltr' id='par_1_1' title="bbox 198 101 948 160">
     <span class='ocr_line' id='line_1_1' title="bbox 198 101 948 160; baseline 0 -19"><span class='ocrx_word' id='word_1_1' title='bbox 198 101 290 160; x_wconf 85' lang='lat'><strong>428</strong></span> <span class='ocrx_word' id='word_1_2' title='bbox 596 105 948 142; x_wconf 67' lang='grc' dir='ltr'><strong>ιΝεΤιτυτῐοκες</strong></span> 
     </span>
    </p>
   </div>
   <div class='ocr_carea' id='block_1_2' title="bbox 189 213 1402 824">
    <p class='ocr_par' dir='ltr' id='par_1_2' title="bbox 189 213 1402 824">
     <span class='ocr_line' id='line_1_2' title="bbox 197 213 1337 284; baseline -0.003 -16"><span class='ocrx_word' id='word_1_3' title='bbox 197 215 328 268; x_wconf 87' lang='lat' dir='ltr'><strong>cursu</strong></span> <span class='ocrx_word' id='word_1_4' title='bbox 349 217 402 264; x_wconf 84' lang='lat' dir='ltr'><strong>de</strong></span> <span class='ocrx_word' id='word_1_5' title='bbox 422 213 545 264; x_wconf 80' lang='lat' dir='ltr'><strong>causa</strong></span> <span class='ocrx_word' id='word_1_6' title='bbox 574 220 799 278; x_wconf 80' lang='lat' dir='ltr'><strong>gravitatis</strong></span> <span class='ocrx_word' id='word_1_7' title='bbox 831 235 874 282; x_wconf 85' lang='lat' dir='ltr'><strong>p.</strong></span> <span class='ocrx_word' id='word_1_8' title='bbox 898 235 977 284; x_wconf 80' lang='lat'><strong>¹13·</strong></span> <span class='ocrx_word' id='word_1_9' title='bbox 998 216 1042 265; x_wconf 69' lang='grc' dir='ltr'><strong>ὃ(</strong></span> <span class='ocrx_word' id='word_1_10' title='bbox 1062 213 1178 282; x_wconf 88' lang='lat' dir='ltr'>seqq.</span> <span class='ocrx_word' id='word_1_11' title='bbox 1217 219 1337 265; x_wconf 77' lang='lat' dir='ltr'><strong>evin-</strong></span> 
     </span>
     <span class='ocr_line' id='line_1_3' title="bbox 194 283 1402 347; baseline -0.002 -11"><span class='ocrx_word' id='word_1_12' title='bbox 194 303 314 336; x_wconf 83' lang='lat' dir='ltr'><strong>cunt.</strong></span> <span class='ocrx_word' id='word_1_13' title='bbox 385 288 626 332; x_wconf 87' lang='lat' dir='ltr'><strong>Enimvero</strong></span> <span class='ocrx_word' id='word_1_14' title='bbox 647 287 753 333; x_wconf 79' lang='lat' dir='ltr'><strong>curri</strong></span> <span class='ocrx_word' id='word_1_15' title='bbox 772 285 982 335; x_wconf 79' lang='lat' dir='ltr'><strong>diameter</strong></span> <span class='ocrx_word' id='word_1_16' title='bbox 1005 287 1154 333; x_wconf 87' lang='lat' dir='ltr'><strong>minor</strong></span> <span class='ocrx_word' id='word_1_17' title='bbox 1188 283 1353 347; x_wconf 15' lang='lat' dir='ltr'><strong>transi-N</strong></span> <span class='ocrx_word' id='word_1_18' title='bbox 1399 303 1402 306; x_wconf 87' lang='grc'><em>·</em></span> 
     </span>
     <span class='ocr_line' id='line_1_4' title="bbox 193 352 1336 419; baseline -0.003 -16"><span class='ocrx_word' id='word_1_19' title='bbox 193 373 271 403; x_wconf 85' lang='lat' dir='ltr'><strong>ens</strong></span> <span class='ocrx_word' id='word_1_20' title='bbox 296 371 377 418; x_wconf 86' lang='lat' dir='ltr'><strong>per</strong></span> <span class='ocrx_word' id='word_1_21' title='bbox 398 354 529 419; x_wconf 62' lang='lat' dir='ltr'><strong>Bolos</strong></span> <span class='ocrx_word' id='word_1_22' title='bbox 551 352 600 399; x_wconf 76' lang='lat' dir='ltr'><strong>fit</strong></span> <span class='ocrx_word' id='word_1_23' title='bbox 632 354 684 400; x_wconf 80' lang='lat' dir='ltr'><strong>ad</strong></span> <span class='ocrx_word' id='word_1_24' title='bbox 709 355 923 419; x_wconf 81' lang='lat' dir='ltr'><strong>majorem</strong></span> <span class='ocrx_word' id='word_1_25' title='bbox 956 356 1196 418; x_wconf 82' lang='lat' dir='ltr'><strong>aequatoris</strong></span> <span class='ocrx_word' id='word_1_26' title='bbox 1217 355 1336 417; x_wconf 83' lang='lat' dir='ltr'><strong>juxta</strong></span> 
     </span>
     <span class='ocr_line' id='line_1_5' title="bbox 191 421 1336 484; baseline -0.002 -14"><span class='ocrx_word' id='word_1_27' title='bbox 191 425 314 470; x_wconf 89' lang='lat' dir='ltr'><strong>hunc</strong></span> <span class='ocrx_word' id='word_1_28' title='bbox 336 436 385 467; x_wconf 89' lang='lat' dir='ltr'><strong>ut</strong></span> <span class='ocrx_word' id='word_1_29' title='bbox 410 437 510 484; x_wconf 83' lang='lat'>577.</span> <span class='ocrx_word' id='word_1_30' title='bbox 534 421 589 467; x_wconf 93' lang='lat' dir='ltr'><strong>ad</strong></span> <span class='ocrx_word' id='word_1_31' title='bbox 616 430 713 484; x_wconf 64' lang='lat'><strong>578,</strong></span> <span class='ocrx_word' id='word_1_32' title='bbox 734 423 853 484; x_wconf 81' lang='lat' dir='ltr'><strong>juxta</strong></span> <span class='ocrx_word' id='word_1_33' title='bbox 876 421 1007 470; x_wconf 89' lang='lat' dir='ltr'><strong>istum</strong></span> <span class='ocrx_word' id='word_1_34' title='bbox 1030 434 1080 468; x_wconf 90' lang='lat' dir='ltr'><strong>ut</strong></span> <span class='ocrx_word' id='word_1_35' title='bbox 1103 434 1209 474; x_wconf 82' lang='lat'>229.</span> <span class='ocrx_word' id='word_1_36' title='bbox 1231 436 1336 483; x_wconf 84' lang='lat'>230.</span> 
     </span>
     <span class='ocr_line' id='line_1_6' title="bbox 197 486 1336 554; baseline -0.003 -17"><span class='ocrx_word' id='word_1_37' title='bbox 197 487 518 553; x_wconf 75' lang='lat' dir='ltr'><strong>consequenter</strong></span> <span class='ocrx_word' id='word_1_38' title='bbox 543 488 680 553; x_wconf 81' lang='lat' dir='ltr'><strong>posita</strong></span> <span class='ocrx_word' id='word_1_39' title='bbox 702 507 805 537; x_wconf 88' lang='lat' dir='ltr'><strong>cum</strong></span> <span class='ocrx_word' id='word_1_40' title='bbox 827 489 1112 554; x_wconf 84' lang='lat' dir='ltr'><strong>Geographis</strong></span> <span class='ocrx_word' id='word_1_41' title='bbox 1137 486 1336 535; x_wconf 84' lang='lat' dir='ltr'><strong>semidia-</strong></span> 
     </span>
     <span class='ocr_line' id='line_1_7' title="bbox 190 557 1337 619; baseline -0.001 -12"><span class='ocrx_word' id='word_1_42' title='bbox 190 574 339 607; x_wconf 87' lang='lat' dir='ltr'>metro</span> <span class='ocrx_word' id='word_1_43' title='bbox 375 557 546 603; x_wconf 88' lang='lat' dir='ltr'><strong>telluris</strong></span> <span class='ocrx_word' id='word_1_44' title='bbox 568 562 658 612; x_wconf 83' lang='lat'><strong>860</strong></span> <span class='ocrx_word' id='word_1_45' title='bbox 686 557 942 604; x_wconf 86' lang='lat' dir='ltr'><strong>milliarium</strong></span> <span class='ocrx_word' id='word_1_46' title='bbox 964 559 1337 619; x_wconf 78' lang='lat' dir='ltr'><strong>germanicorum.</strong></span> 
     </span>
     <span class='ocr_line' id='line_1_8' title="bbox 191 622 1332 687; baseline -0.004 -14"><span class='ocrx_word' id='word_1_47' title='bbox 191 624 444 673; x_wconf 55' lang='lat' dir='ltr'><strong>diffezentia</strong></span> <span class='ocrx_word' id='word_1_48' title='bbox 466 624 520 670; x_wconf 83' lang='lat' dir='ltr'><strong>ad</strong></span> <span class='ocrx_word' id='word_1_49' title='bbox 544 622 762 672; x_wconf 73' lang='lat' dir='ltr'><strong>summam</strong></span> <span class='ocrx_word' id='word_1_50' title='bbox 783 628 833 686; x_wconf 63' lang='lat'><strong>¹3:</strong></span> <span class='ocrx_word' id='word_1_51' title='bbox 864 625 1124 672; x_wconf 86' lang='lat' dir='ltr'><strong>milliarium</strong></span> <span class='ocrx_word' id='word_1_52' title='bbox 1159 641 1332 687; x_wconf 80' lang='lat' dir='ltr'><strong>germa-</strong></span> 
     </span>
     <span class='ocr_line' id='line_1_9' title="bbox 189 690 1335 758; baseline -0.002 -18"><span class='ocrx_word' id='word_1_53' title='bbox 189 695 427 750; x_wconf 78' lang='lat' dir='ltr'><strong>nicorum3</strong></span> <span class='ocrx_word' id='word_1_54' title='bbox 462 692 662 749; x_wconf 79' lang='lat' dir='ltr'><strong>Telluris</strong></span> <span class='ocrx_word' id='word_1_55' title='bbox 684 690 1091 758; x_wconf 83' lang='lat' dir='ltr'><strong>figuramasphaera</strong></span> <span class='ocrx_word' id='word_1_56' title='bbox 1115 707 1209 740; x_wconf 92' lang='lat' dir='ltr'><strong>non</strong></span> <span class='ocrx_word' id='word_1_57' title='bbox 1219 690 1335 739; x_wconf 86' lang='lat' dir='ltr'><strong>mul-</strong></span> 
     </span>
     <span class='ocr_line' id='line_1_10' title="bbox 189 760 693 824; baseline -0.004 -17"><span class='ocrx_word' id='word_1_58' title='bbox 189 776 289 824; x_wconf 85' lang='lat' dir='ltr'><strong>tum</strong></span> <span class='ocrx_word' id='word_1_59' title='bbox 310 760 516 808; x_wconf 78' lang='lat' dir='ltr'><strong>recedere</strong></span> <span class='ocrx_word' id='word_1_60' title='bbox 539 760 693 824; x_wconf 80' lang='lat' dir='ltr'><strong>liquet.</strong></span> 
     </span>
    </p>
   </div>
   <div class='ocr_carea' id='block_1_3' title="bbox 183 885 1334 1909">
    <p class='ocr_par' dir='ltr' id='par_1_3' title="bbox 681 885 835 942">
     <span class='ocr_line' id='line_1_11' title="bbox 681 885 835 942; baseline -0.013 -10"><span class='ocrx_word' id='word_1_61' title='bbox 681 885 729 942; x_wconf 64' lang='grc' dir='ltr'><strong>ἓ.</strong></span> <span class='ocrx_word' id='word_1_62' title='bbox 760 891 835 940; x_wconf 86' lang='lat'>118.</span> 
     </span>
    </p>

    <p class='ocr_par' dir='ltr' id='par_1_4' title="bbox 183 965 1334 1909">
     <span class='ocr_line' id='line_1_12' title="bbox 262 965 1334 1034; baseline -0.001 -18"><span class='ocrx_word' id='word_1_63' title='bbox 262 969 439 1032; x_wconf 83' lang='lat' dir='ltr'><strong>Figurae</strong></span> <span class='ocrx_word' id='word_1_64' title='bbox 458 966 680 1033; x_wconf 78' lang='lat' dir='ltr'><strong>sphaericae</strong></span> <span class='ocrx_word' id='word_1_65' title='bbox 704 965 828 1015; x_wconf 85' lang='lat' dir='ltr'>causa</span> <span class='ocrx_word' id='word_1_66' title='bbox 849 965 910 1015; x_wconf 89' lang='lat' dir='ltr'><strong>est</strong></span> <span class='ocrx_word' id='word_1_67' title='bbox 922 968 1125 1029; x_wconf 85' lang='lat' dir='ltr'><strong>gravitas,</strong></span> <span class='ocrx_word' id='word_1_68' title='bbox 1144 972 1190 1017; x_wconf 83' lang='lat' dir='ltr'><strong>vi</strong></span> <span class='ocrx_word' id='word_1_69' title='bbox 1210 969 1334 1034; x_wconf 67' lang='lat' dir='ltr'><strong>cujus</strong></span> 
     </span>
     <span class='ocr_line' id='line_1_13' title="bbox 187 1034 1331 1096; baseline -0.003 -8"><span class='ocrx_word' id='word_1_70' title='bbox 187 1042 336 1088; x_wconf 87' lang='lat' dir='ltr'><strong>omnis</strong></span> <span class='ocrx_word' id='word_1_71' title='bbox 366 1040 547 1084; x_wconf 82' lang='lat' dir='ltr'><strong>materia</strong></span> <span class='ocrx_word' id='word_1_72' title='bbox 579 1034 728 1084; x_wconf 85' lang='lat' dir='ltr'><strong>versus</strong></span> <span class='ocrx_word' id='word_1_73' title='bbox 765 1051 971 1082; x_wconf 83' lang='lat' dir='ltr'><strong>centrum</strong></span> <span class='ocrx_word' id='word_1_74' title='bbox 1007 1051 1134 1083; x_wconf 87' lang='lat' dir='ltr'><strong>terrae</strong></span> <span class='ocrx_word' id='word_1_75' title='bbox 1159 1039 1331 1096; x_wconf 89' lang='lat' dir='ltr'><strong>nititur,</strong></span> 
     </span>
     <span class='ocr_line' id='line_1_14' title="bbox 186 1100 1331 1169; baseline -0.003 -15"><span class='ocrx_word' id='word_1_76' title='bbox 186 1107 386 1169; x_wconf 84' lang='lat' dir='ltr'>adeoque</span> <span class='ocrx_word' id='word_1_77' title='bbox 409 1121 511 1152; x_wconf 84' lang='lat' dir='ltr'><strong>cum</strong></span> <span class='ocrx_word' id='word_1_78' title='bbox 534 1121 634 1168; x_wconf 85' lang='lat' dir='ltr'><strong>pars</strong></span> <span class='ocrx_word' id='word_1_79' title='bbox 660 1103 830 1150; x_wconf 88' lang='lat' dir='ltr'><strong>telluris</strong></span> <span class='ocrx_word' id='word_1_80' title='bbox 843 1102 893 1148; x_wconf 84' lang='lat' dir='ltr'><strong>fit</strong></span> <span class='ocrx_word' id='word_1_81' title='bbox 916 1100 1065 1160; x_wconf 86' lang='lat' dir='ltr'><strong>fluida,</strong></span> <span class='ocrx_word' id='word_1_82' title='bbox 1088 1120 1175 1150; x_wconf 85' lang='lat' dir='ltr'><strong>una</strong></span> <span class='ocrx_word' id='word_1_83' title='bbox 1199 1103 1331 1152; x_wconf 86' lang='lat' dir='ltr'><strong>altior</strong></span> 
     </span>
     <span class='ocr_line' id='line_1_15' title="bbox 186 1171 1329 1234; baseline -0.003 -14"><span class='ocrx_word' id='word_1_84' title='bbox 186 1175 320 1221; x_wconf 79' lang='lat' dir='ltr'><strong>altera</strong></span> <span class='ocrx_word' id='word_1_85' title='bbox 342 1171 426 1219; x_wconf 78' lang='lat' dir='ltr'><strong>esse</strong></span> <span class='ocrx_word' id='word_1_86' title='bbox 442 1186 656 1230; x_wconf 65' lang='lat' dir='ltr'><strong>nequeat.</strong></span> <span class='ocrx_word' id='word_1_87' title='bbox 730 1171 956 1231; x_wconf 80' lang='lat' dir='ltr'><strong>Qoniarn</strong></span> <span class='ocrx_word' id='word_1_88' title='bbox 976 1184 1124 1217; x_wconf 84' lang='lat' dir='ltr'><strong>tamen</strong></span> <span class='ocrx_word' id='word_1_89' title='bbox 1146 1173 1211 1218; x_wconf 90' lang='lat' dir='ltr'><strong>vis</strong></span> <span class='ocrx_word' id='word_1_90' title='bbox 1234 1188 1329 1234; x_wconf 79' lang='lat' dir='ltr'><strong>gra-</strong></span> 
     </span>
     <span class='ocr_line' id='line_1_16' title="bbox 185 1235 1329 1304; baseline -0.003 -16"><span class='ocrx_word' id='word_1_91' title='bbox 185 1244 328 1288; x_wconf 75' lang='lat' dir='ltr'><strong>vitatis</strong></span> <span class='ocrx_word' id='word_1_92' title='bbox 356 1242 507 1287; x_wconf 81' lang='lat' dir='ltr'><strong>minor</strong></span> <span class='ocrx_word' id='word_1_93' title='bbox 525 1236 602 1286; x_wconf 78' lang='lat' dir='ltr'><strong>sub</strong></span> <span class='ocrx_word' id='word_1_94' title='bbox 627 1252 872 1299; x_wconf 74' lang='lat' dir='ltr'><strong>aequatore,</strong></span> <span class='ocrx_word' id='word_1_95' title='bbox 911 1254 1043 1300; x_wconf 89' lang='lat' dir='ltr'><strong>quam</strong></span> <span class='ocrx_word' id='word_1_96' title='bbox 1065 1235 1213 1285; x_wconf 85' lang='lat' dir='ltr'><strong>versus</strong></span> <span class='ocrx_word' id='word_1_97' title='bbox 1248 1256 1329 1304; x_wconf 87' lang='lat' dir='ltr'><strong>po-</strong></span> 
     </span>
     <span class='ocr_line' id='line_1_17' title="bbox 183 1302 1330 1367; baseline -0.003 -12"><span class='ocrx_word' id='word_1_98' title='bbox 183 1311 253 1355; x_wconf 85' lang='lat' dir='ltr'><strong>los</strong></span> <span class='ocrx_word' id='word_1_99' title='bbox 289 1307 346 1356; x_wconf 91' lang='lat' dir='ltr'><strong>ob</strong></span> <span class='ocrx_word' id='word_1_100' title='bbox 370 1324 544 1354; x_wconf 82' lang='lat' dir='ltr'><strong>motum</strong></span> <span class='ocrx_word' id='word_1_101' title='bbox 566 1306 794 1363; x_wconf 77' lang='lat' dir='ltr'><strong>vertiginis</strong></span> <span class='ocrx_word' id='word_1_102' title='bbox 806 1302 1008 1350; x_wconf 84' lang='lat' dir='ltr'><strong>Telluris</strong></span> <span class='ocrx_word' id='word_1_103' title='bbox 1029 1304 1227 1367; x_wconf 74' lang='lat'>(§.111.);</span> <span class='ocrx_word' id='word_1_104' title='bbox 1251 1304 1330 1354; x_wconf 86' lang='lat' dir='ltr'><strong>ibi-</strong></span> 
     </span>
     <span class='ocr_line' id='line_1_18' title="bbox 189 1370 1329 1432; baseline -0.005 -7"><span class='ocrx_word' id='word_1_105' title='bbox 189 1378 293 1425; x_wconf 87' lang='lat' dir='ltr'><strong>dem</strong></span> <span class='ocrx_word' id='word_1_106' title='bbox 313 1379 495 1423; x_wconf 75' lang='lat' dir='ltr'><strong>materia</strong></span> <span class='ocrx_word' id='word_1_107' title='bbox 525 1372 737 1421; x_wconf 83' lang='lat' dir='ltr'><strong>terrestris</strong></span> <span class='ocrx_word' id='word_1_108' title='bbox 770 1371 898 1418; x_wconf 87' lang='lat' dir='ltr'><strong>altior</strong></span> <span class='ocrx_word' id='word_1_109' title='bbox 919 1370 1152 1420; x_wconf 83' lang='lat' dir='ltr'><strong>confistere</strong></span> <span class='ocrx_word' id='word_1_110' title='bbox 1185 1372 1329 1432; x_wconf 86' lang='lat' dir='ltr'><strong>debet,</strong></span> 
     </span>
     <span class='ocr_line' id='line_1_19' title="bbox 186 1437 1328 1509; baseline -0.003 -18"><span class='ocrx_word' id='word_1_111' title='bbox 186 1462 323 1509; x_wconf 84' lang='lat' dir='ltr'><strong>quam</strong></span> <span class='ocrx_word' id='word_1_112' title='bbox 342 1438 491 1489; x_wconf 74' lang='lat' dir='ltr'><strong>versus</strong></span> <span class='ocrx_word' id='word_1_113' title='bbox 514 1441 667 1503; x_wconf 85' lang='lat' dir='ltr'><strong>polos,</strong></span> <span class='ocrx_word' id='word_1_114' title='bbox 690 1455 739 1484; x_wconf 87' lang='lat' dir='ltr'><strong>ut</strong></span> <span class='ocrx_word' id='word_1_115' title='bbox 776 1437 885 1503; x_wconf 84' lang='lat' dir='ltr'><strong>adeo</strong></span> <span class='ocrx_word' id='word_1_116' title='bbox 922 1441 1066 1487; x_wconf 84' lang='lat' dir='ltr'><strong>motui</strong></span> <span class='ocrx_word' id='word_1_117' title='bbox 1098 1443 1328 1502; x_wconf 85' lang='lat' dir='ltr'><strong>vertiginis</strong></span> 
     </span>
     <span class='ocr_line' id='line_1_20' title="bbox 188 1504 1325 1572; baseline -0.004 -13"><span class='ocrx_word' id='word_1_118' title='bbox 188 1510 476 1560; x_wconf 78' lang='lat' dir='ltr'><strong>tribuendum</strong></span> <span class='ocrx_word' id='word_1_119' title='bbox 498 1508 570 1565; x_wconf 84' lang='lat' dir='ltr'><strong>fit,</strong></span> <span class='ocrx_word' id='word_1_120' title='bbox 606 1506 727 1570; x_wconf 87' lang='lat' dir='ltr'><strong>quod</strong></span> <span class='ocrx_word' id='word_1_121' title='bbox 760 1505 902 1565; x_wconf 76' lang='lat' dir='ltr'><strong>figura</strong></span> <span class='ocrx_word' id='word_1_122' title='bbox 937 1504 1139 1553; x_wconf 78' lang='lat' dir='ltr'><strong>Telluris</strong></span> <span class='ocrx_word' id='word_1_123' title='bbox 1175 1511 1325 1572; x_wconf 85' lang='lat' dir='ltr'><strong>potius</strong></span> 
     </span>
     <span class='ocr_line' id='line_1_21' title="bbox 190 1571 1327 1644; baseline 0.004 -26"><span class='ocrx_word' id='word_1_124' title='bbox 190 1578 487 1644; x_wconf 54' lang='lat' dir='ltr'><strong>sphaeroidsscg„</strong></span> <span class='ocrx_word' id='word_1_125' title='bbox 512 1592 644 1637; x_wconf 78' lang='lat' dir='ltr'><strong>quam</strong></span> <span class='ocrx_word' id='word_1_126' title='bbox 662 1571 892 1637; x_wconf 63' lang='lat' dir='ltr'><strong>sphaerica,</strong></span> <span class='ocrx_word' id='word_1_127' title='bbox 924 1573 1142 1635; x_wconf 86' lang='lat' dir='ltr'><strong>Equidem</strong></span> <span class='ocrx_word' id='word_1_128' title='bbox 1155 1575 1245 1622; x_wconf 81' lang='lat' dir='ltr'><strong>haec</strong></span> <span class='ocrx_word' id='word_1_129' title='bbox 1257 1574 1327 1622; x_wconf 88' lang='lat' dir='ltr'><strong>de-</strong></span> 
     </span>
     <span class='ocr_line' id='line_1_22' title="bbox 190 1640 1327 1706; baseline -0.005 -11"><span class='ocrx_word' id='word_1_130' title='bbox 190 1645 449 1696; x_wconf 79' lang='lat' dir='ltr'><strong>monstratio</strong></span> <span class='ocrx_word' id='word_1_131' title='bbox 487 1640 700 1706; x_wconf 77' lang='lat' dir='ltr'><strong>supponit</strong></span> <span class='ocrx_word' id='word_1_132' title='bbox 744 1642 971 1686; x_wconf 82' lang='lat' dir='ltr'><strong>materiam</strong></span> <span class='ocrx_word' id='word_1_133' title='bbox 1015 1641 1184 1688; x_wconf 89' lang='lat' dir='ltr'><strong>telluris</strong></span> <span class='ocrx_word' id='word_1_134' title='bbox 1230 1640 1327 1690; x_wconf 76' lang='lat' dir='ltr'><strong>flui-</strong></span> 
     </span>
     <span class='ocr_line' id='line_1_23' title="bbox 187 1710 1327 1772; baseline -0.005 -10"><span class='ocrx_word' id='word_1_135' title='bbox 187 1717 310 1772; x_wconf 78' lang='lat' dir='ltr'><strong>dam;</strong></span> <span class='ocrx_word' id='word_1_136' title='bbox 335 1715 564 1760; x_wconf 82' lang='lat' dir='ltr'><strong>enimvero</strong></span> <span class='ocrx_word' id='word_1_137' title='bbox 597 1710 794 1772; x_wconf 77' lang='lat' dir='ltr'><strong>quamvis</strong></span> <span class='ocrx_word' id='word_1_138' title='bbox 817 1721 976 1770; x_wconf 77' lang='lat' dir='ltr'><strong>praeter</strong></span> <span class='ocrx_word' id='word_1_139' title='bbox 1002 1724 1136 1770; x_wconf 84' lang='lat' dir='ltr'><strong>aquas</strong></span> <span class='ocrx_word' id='word_1_140' title='bbox 1159 1727 1211 1756; x_wconf 85' lang='lat' dir='ltr'><strong>ex</strong></span> <span class='ocrx_word' id='word_1_141' title='bbox 1241 1725 1327 1756; x_wconf 79' lang='lat' dir='ltr'><strong>ter·</strong></span> 
     </span>
     <span class='ocr_line' id='line_1_24' title="bbox 188 1773 1325 1833; baseline -0.004 -5"><span class='ocrx_word' id='word_1_142' title='bbox 188 1802 237 1833; x_wconf 83' lang='lat' dir='ltr'><strong>ra</strong></span> <span class='ocrx_word' id='word_1_143' title='bbox 261 1784 512 1830; x_wconf 85' lang='lat' dir='ltr'><strong>continente</strong></span> <span class='ocrx_word' id='word_1_144' title='bbox 540 1775 734 1832; x_wconf 80' lang='lat' dir='ltr'><strong>constet,</strong></span> <span class='ocrx_word' id='word_1_145' title='bbox 769 1773 803 1820; x_wconf 82' lang='lat' dir='ltr'><strong>fi</strong></span> <span class='ocrx_word' id='word_1_146' title='bbox 834 1789 986 1821; x_wconf 80' lang='lat' dir='ltr'><strong>tamen</strong></span> <span class='ocrx_word' id='word_1_147' title='bbox 1017 1776 1325 1824; x_wconf 86' lang='lat' dir='ltr'><strong>inundationes</strong></span> 
     </span>
     <span class='ocr_line' id='line_1_25' title="bbox 186 1839 1322 1909; baseline -0.006 -11"><span class='ocrx_word' id='word_1_148' title='bbox 186 1850 395 1904; x_wconf 67' lang='lat' dir='ltr'><strong>arcendae,</strong></span> <span class='ocrx_word' id='word_1_149' title='bbox 419 1863 534 1893; x_wconf 82' lang='lat' dir='ltr'><strong>terra</strong></span> <span class='ocrx_word' id='word_1_150' title='bbox 554 1848 783 1891; x_wconf 85' lang='lat' dir='ltr'><strong>continens</strong></span> <span class='ocrx_word' id='word_1_151' title='bbox 807 1858 901 1888; x_wconf 87' lang='lat' dir='ltr'><strong>non</strong></span> <span class='ocrx_word' id='word_1_152' title='bbox 912 1839 1124 1890; x_wconf 83' lang='lat' dir='ltr'><strong>diversam</strong></span> <span class='ocrx_word' id='word_1_153' title='bbox 1144 1841 1197 1890; x_wconf 90' lang='lat' dir='ltr'><strong>ab</strong></span> <span class='ocrx_word' id='word_1_154' title='bbox 1210 1861 1322 1909; x_wconf 78' lang='lat' dir='ltr'><strong>aqua</strong></span> 
     </span>
    </p>
   </div>
   <div class='ocr_carea' id='block_1_4' title="bbox 183 1910 792 1982">
    <p class='ocr_par' dir='ltr' id='par_1_5' title="bbox 183 1910 792 1982">
     <span class='ocr_line' id='line_1_26' title="bbox 183 1910 792 1982; baseline -0.02 -14"><span class='ocrx_word' id='word_1_155' title='bbox 183 1919 373 1982; x_wconf 72' lang='lat' dir='ltr'><strong>figuram</strong></span> <span class='ocrx_word' id='word_1_156' title='bbox 394 1916 548 1962; x_wconf 84' lang='lat' dir='ltr'><strong>induat</strong></span> <span class='ocrx_word' id='word_1_157' title='bbox 582 1927 698 1977; x_wconf 87' lang='lat' dir='ltr'><strong>opus</strong></span> <span class='ocrx_word' id='word_1_158' title='bbox 720 1910 792 1959; x_wconf 80' lang='lat' dir='ltr'><strong>est.</strong></span> 
     </span>
    </p>
   </div>
   <div class='ocr_carea' id='block_1_5' title="bbox 671 2030 826 2097">
    <p class='ocr_par' dir='ltr' id='par_1_6' title="bbox 671 2030 826 2097">
     <span class='ocr_line' id='line_1_27' title="bbox 671 2030 826 2097; baseline -0.013 -15"><span class='ocrx_word' id='word_1_159' title='bbox 671 2039 706 2097; x_wconf 60' lang='grc' dir='ltr'><strong>ᾗ.</strong></span> <span class='ocrx_word' id='word_1_160' title='bbox 746 2030 826 2097; x_wconf 67' lang='lat'>119.</span> 
     </span>
    </p>
   </div>
   <div class='ocr_carea' id='block_1_6' title="bbox 247 2145 1313 2212">
    <p class='ocr_par' dir='ltr' id='par_1_7' title="bbox 247 2145 1313 2212">
     <span class='ocr_line' id='line_1_28' title="bbox 247 2145 1313 2212; baseline -0.01 -11"><span class='ocrx_word' id='word_1_161' title='bbox 247 2157 325 2201; x_wconf 85' lang='lat' dir='ltr'><strong>Ne</strong></span> <span class='ocrx_word' id='word_1_162' title='bbox 356 2169 466 2200; x_wconf 82' lang='lat' dir='ltr'><strong>vero</strong></span> <span class='ocrx_word' id='word_1_163' title='bbox 510 2167 637 2200; x_wconf 84' lang='lat' dir='ltr'><strong>motu</strong></span> <span class='ocrx_word' id='word_1_164' title='bbox 668 2150 894 2212; x_wconf 82' lang='lat' dir='ltr'><strong>vertiginis</strong></span> <span class='ocrx_word' id='word_1_165' title='bbox 929 2145 1129 2194; x_wconf 87' lang='lat' dir='ltr'><strong>Telluris</strong></span> <span class='ocrx_word' id='word_1_166' title='bbox 1164 2157 1313 2209; x_wconf 76' lang='lat' dir='ltr'><strong>partes</strong></span> 
     </span>
    </p>
   </div>
   <div class='ocr_carea' id='block_1_7' title="bbox 183 2213 1319 2326">
    <p class='ocr_par' dir='ltr' id='par_1_8' title="bbox 183 2213 1319 2326">
     <span class='ocr_line' id='line_1_29' title="bbox 183 2213 1319 2326; baseline -0.011 -56"><span class='ocrx_word' id='word_1_167' title='bbox 183 2218 381 2287; x_wconf 66' lang='lat' dir='ltr'><strong>sejunstae</strong></span> <span class='ocrx_word' id='word_1_168' title='bbox 421 2218 680 2286; x_wconf 81' lang='lat' dir='ltr'><strong>diffipentur</strong></span> <span class='ocrx_word' id='word_1_169' title='bbox 700 2257 712 2279; x_wconf 90' lang='lat'><em>,</em></span> <span class='ocrx_word' id='word_1_170' title='bbox 763 2213 1138 2285; x_wconf 81' lang='lat' dir='ltr'><strong>quemadmodum</strong></span> <span class='ocrx_word' id='word_1_171' title='bbox 1174 2227 1319 2326; x_wconf 41' lang='grc' dir='ltr'><strong>ψὲἶζ-</strong></span> 
     </span>
    </p>
   </div>
  </div>
 </body>
</html>
