1408 2574
229 87 532 122 rmtosopmffi
551 88 957 123 EXPERIMENTALIS.
1099 91 1192 142 347

567 200 603 254 §.
632 211 720 245 221.

43 317 49 322 Δ
120 289 327 338 Immoin
347 286 606 334 excitatione
637 286 887 345 magnetica
917 302 1023 335 acus
1054 285 1192 337 dustu

5 373 11 377 ·
51 358 276 406 contrario
294 356 361 401 vis
382 352 585 418 acquisita
595 350 810 400 aufertur.
879 356 927 402 E.
939 371 1004 415 gr.
1029 358 1189 420 Siquis

52 427 115 472 ita
133 425 426 478 trahatacum,
460 435 511 467 ut
534 420 587 468 ab
617 418 765 470 austro
799 421 846 466 in
875 420 1058 469 boream
1096 441 1192 472 mo-

51 508 220 549 veatur,
233 493 301 537 vis
322 491 410 538 hoc
428 486 565 537 dustu
583 485 789 552 acquisita
812 490 977 539 iterum
1012 490 1193 540 destrui-

53 574 143 618 tur,
166 558 197 605 fi
218 573 450 607 moveatur
462 571 585 607 retro
606 554 779 603 aborea
799 558 847 603 in
859 557 1067 607 austrum.
1109 563 1191 610 Re-

50 629 249 692 quiritur
264 641 426 683 autem,
447 639 696 689 ututerque
719 621 875 673 duRus
897 625 1056 678 eodem
1095 643 1194 674 mo·

41 696 110 745 cdo
126 694 212 752 fiat,
236 711 289 742 ex
309 691 490 742 fortiori
512 695 631 742 enim
662 689 843 739 affriCtu
866 698 1092 741 contrario
1121 699 1192 746 vis

51 764 274 810 contraria
288 763 554 825 acquiriturz
589 758 635 810 id
659 759 783 826 quod
796 763 927 811 etiam
938 763 1098 813 iterato
1111 762 1190 813 du·

50 828 127 880 &u
137 831 359 881 contrario
371 826 539 878 accidit.

536 963 572 1021 §.
614 976 714 1012 222.

148 1054 285 1117 Viget
319 1052 451 1099 etiam
465 1050 654 1098 amicitia
674 1049 718 1095 ὅτ
749 1049 980 1100 inimicitia
1008 1056 1125 1104 inter
1146 1074 1185 1103 au

43 1137 150 1171 eum
172 1122 464 1182 magneticam
485 1132 617 1181 atque
629 1131 899 1178 magnetem.
973 1123 1108 1170 Polus
1141 1141 1185 1173 e-

44 1193 142 1239 nim
163 1188 379 1251 magnetis
391 1185 582 1234 borealis
614 1185 751 1233 trahit
784 1202 888 1233 acus
925 1193 1183 1250 magneticae

4 1304 7 1310 ζ
83 1257 207 1305 olum
222 1253 507 1305 australem&
528 1268 683 1301 contra
704 1252 823 1302 illius
843 1253 1042 1305 australis
1054 1259 1186 1324 hujus

43 1274 286 1373 gorealem.
353 1320 901 1385 Qamobremfimagnes
923 1325 1033 1390 polo
1055 1326 1186 1375 bore·

43 1393 105 1440 ali
116 1388 266 1442 versus
289 1388 502 1455 pyxidem
516 1387 1010 1441 direstocircaeandem
1034 1396 1081 1441 in
1112 1411 1185 1443 or-

23 1459 149 1508 *bem
170 1472 420 1513 moveatur,
441 1474 540 1506 acus
564 1461 678 1505 intra
713 1474 810 1505 earn
830 1461 1017 1524 perinde
1043 1464 1088 1509 in
1111 1479 1182 1511 or-

41 1529 149 1578 bem
160 1542 380 1583 movetur,
393 1526 438 1574 δι
452 1525 484 1574 fi
496 1525 627 1591 polus
656 1529 873 1586 magnetis
896 1528 1092 1578 australis
1105 1529 1183 1579 ob-

40 1610 243 1643 vertatur
261 1593 573 1655 boreali,acus
608 1593 699 1642 haec
722 1592 860 1641 statim
889 1600 1182 1656 convertitur,

41 1677 173 1731 parte
186 1661 466 1709 meridionali
484 1657 632 1709 versus
644 1660 829 1711 boream
853 1663 897 1713 ὅ(
920 1662 1182 1734 septentrio-

39 1731 134 1782 nali
150 1726 306 1782 versus
317 1726 513 1779 austrum
533 1727 707 1779 diresta.

527 1868 565 1924 §.
615 1878 716 1929 223.

144 1954 264 2002 Acus
276 1954 520 2014 magnetica
540 1955 587 2001 in
609 1954 923 2019 experimentis
963 1959 1180 2018 magneti-

41 2022 107 2068 cis
130 2020 379 2084 plurimum
391 2019 523 2068 habet
546 2020 687 2071 usum.
757 2025 862 2084 Ejus
891 2040 978 2089 ope
1008 2027 1182 2090 optime

39 2088 229 2139 docetur
264 2127 278 2146 ,
333 2091 544 2136 virtutem
596 2092 887 2151 magneticam
925 2093 1063 2140 varias
1097 2109 1183 2159 per-

39 2157 249 2206 materias
273 2154 477 2204 diffundi.
549 2162 674 2206 Nam
696 2155 725 2204 fi
750 2161 864 2207 inter
875 2177 1003 2208 acum
1023 2159 1067 2207 &
1088 2177 1181 2208 ma-

39 2218 245 2288 gaietem,
291 2239 405 2298 (μιᾳι
415 2224 683 2297 mittamur
693 2263 707 2291 ‚
726 2228 986 2310 interponas
997 2223 1181 2345 affigerem

1060 2310 1180 2363 ¹gnez
