1408 2574
223 130 326 180 400
654 107 943 171 >Institutiones

287 295 529 343 Ferendum
544 222 840 360 quoqug’noti
854 243 935 350 {1²1⁶
960 309 1009 341 ut
1034 291 1288 365 docentibus
1310 297 1365 345 ad

219 364 423 427 praeclara
447 363 685 411 nitentibus
694 361 924 410 homines
911 365 1196 426 importuni1
1169 367 1196 413 Γ
1200 382 1247 413 nt
1256 383 1364 412 mo-

220 433 341 495 lesti,
366 448 592 494 propterea
615 431 734 496 quod
760 429 1157 500 taediaimpediunt
1177 453 1263 500 quo
1275 435 1365 481 mi·

200 500 300 551 'nus
320 502 490 549 animus
506 500 692 549 scientiis
719 515 847 565 atque
868 499 1029 549 artibus
1052 504 1302 552 excolendis
1317 506 1346 552 s
1350 521 1365 552 t

216 573 429 623 intentus.

685 634 731 703 ᾗ.
806 654 914 700 133.
1044 683 1049 686 .

317 705 493 755 Reditus
515 704 625 769 largi
653 722 755 753 cum
784 708 1008 755 motivum
1042 707 1257 755 industtiae
1278 704 1361 755 esse
1383 753 1385 757 .

212 773 480 841 debeant(§.
495 778 649 835 1300:
663 793 763 822 cum
778 775 861 823 hac
874 793 1049 843 quoque
1060 773 1277 825 indivulso
1287 795 1359 825 ne·

209 866 267 896 xu
279 845 537 896 cohaereant,

651 910 700 976 ὅ·
774 929 882 974 134·

281 983 508 1048 Quoniam
526 1000 550 1027 a
573 978 826 1029 docentibus
847 980 1034 1028 maxima
1046 980 1188 1030 salutis
1201 980 1357 1046 publi-

210 1072 271 1102 cae
286 1069 382 1115 pars
396 1050 554 1128 pendet
572 1046 642 1113 (§.
655 1048 806 1111 129.):
827 1066 980 1096 eorum
999 1067 1185 1098 numero
1198 1050 1355 1098 adscri-

210 1122 256 1168 bi
285 1121 465 1186 nequit,
497 1118 570 1164 nili
593 1118 666 1182 qui
698 1114 747 1161 &
779 1117 1036 1165 eruditionis
1066 1116 1114 1164 ὅ(
1137 1119 1354 1170 industriae

207 1188 446 1253 specimina
467 1185 691 1233 luculenta
713 1185 850 1238 dedit

672 1269 719 1327 ἕ·
792 1284 903 1327 135

273 1343 334 1387 Ut
355 1336 559 1385 discentes
574 1334 701 1382 fidem
733 1333 920 1381 habeant
941 1334 1215 1396 docentibus,
1235 1336 1322 1386 salu
1336 1367 1351 1378 -

205 1411 313 1457 tatia
345 1404 715 1468 praecipientibus,
750 1421 887 1468 neque
910 1402 964 1449 de
982 1403 1177 1465 ipsotum
1201 1408 1349 1454 erudi.

208 1474 346 1533 tione,
363 1473 534 1522 scientia
549 1489 676 1538 atque
699 1489 788 1518 arte
810 1471 929 1518 dubii
950 1472 1054 1521 fint:
1086 1489 1179 1521 non
1207 1476 1347 1522 modo
1382 1498 1384 1500 ¹

204 1545 287 1593 viri
312 1542 610 1591 celebritatem
629 1541 821 1587 nominis
843 1538 1056 1587 consecuti
1090 1540 1347 1591 docentium

203 1629 393 1662 numero
416 1608 710 1665 adscribendi,
743 1625 901 1655 verum
926 1607 1056 1656 etiam
1069 1609 1272 1659 docentes
1291 1611 1345 1658 ad

202 1681 449 1732 celebritate
484 1677 711 1753 „nominis
737 1676 843 1724 eniti
873 1676 1007 1727 decet.
1395 1674 1397 1676 ’

270 1835 323 1878 Et
353 1845 408 1875 ne
427 1827 630 1875 docentes
661 1826 898 1875 celebritati
928 1824 1124 1874 nominis
1154 1827 1343 1877 officiant

200 1916 331 1961 penes
353 1895 581 1943 discentes.
615 1915 638 1942 a
661 1895 859 1944 moribus
892 1895 1206 1970 abstinendum,
1237 1897 1343 1962 qui-

194 1967 318 2016 'bus
305 1984 352 2016 m
372 1980 645 2016 contemtum
658 1963 915 2012 discentium
934 1961 1099 2012 facile
1087 1979 1275 2019 irruunt.

264 2115 424 2164 Eadem
448 2116 501 2163 de
521 2113 640 2164 causa
658 2048 922 2162 {melitium
940 2111 1023 2169 est,
1052 2108 1214 2158 mutuis
1237 2110 1337 2156 offi-
1396 2172 1398 2179 y

202 2182 277 2231 ciis
298 2185 406 2229 tueri
426 2201 624 2232 mutuam
655 2182 928 2230 autoritatem
943 2215 958 2238 ,
988 2196 1067 2228 nec
1089 2177 1336 2236 ferendum,

203 2268 249 2300 ut
269 2266 377 2303 unus
396 2250 569 2300 alterius
581 2249 798 2302 autoritati
811 2249 1004 2316 deroget.

1158 2325 1332 2397 §.1380
